<?xml version="1.0" encoding="UTF-8"?>
<!DOCTYPE html PUBLIC "-//W3C//DTD XHTML 1.0 Transitional//EN"
    "http://www.w3.org/TR/xhtml1/DTD/xhtml1-transitional.dtd">
<html xmlns="http://www.w3.org/1999/xhtml" xml:lang="en" lang="en">
 <head>
  <title>
</title>
<meta http-equiv="Content-Type" content="text/html;charset=utf-8" />
  <meta name='ocr-system' content='tesseract 3.04.00' />
  <meta name='ocr-capabilities' content='ocr_page ocr_carea ocr_par ocr_line ocrx_word'/>
</head>
<body>
  <div class='ocr_page' id='page_1' title='image "./mtvlliiciceroni05cicegoog/mtvlliiciceroni05cicegoog_0045.png"; bbox 0 0 3459 4075; ppageno 0'>
   <div class='ocr_carea' id='block_1_1' title="bbox 372 427 1399 553">
    <p class='ocr_par' dir='ltr' id='par_1_1' title="bbox 372 427 1399 553">
     <span class='ocr_line' id='line_1_1' title="bbox 372 427 1399 553; baseline -0.009 -26"><span class='ocrx_word' id='word_1_1' title='bbox 372 427 406 503; x_wconf 76' lang='lat'><strong>1·</strong></span> <span class='ocrx_word' id='word_1_2' title='bbox 653 474 706 553; x_wconf 71' lang='lat'><strong>.&#39;</strong></span> <span class='ocrx_word' id='word_1_3' title='bbox 778 457 855 528; x_wconf 76' lang='lat' dir='ltr'><strong>nn</strong></span> <span class='ocrx_word' id='word_1_4' title='bbox 900 435 1266 518; x_wconf 80' lang='lat' dir='ltr'><strong>nnurvnuu.</strong></span> <span class='ocrx_word' id='word_1_5' title='bbox 1384 453 1399 518; x_wconf 79' lang='lat'>4</span> 
     </span>
    </p>
   </div>
   <div class='ocr_carea' id='block_1_2' title="bbox 343 597 1399 3669">
    <p class='ocr_par' dir='ltr' id='par_1_2' title="bbox 343 597 1399 3669">
     <span class='ocr_line' id='line_1_2' title="bbox 352 597 1399 721; baseline -0.012 -32"><span class='ocrx_word' id='word_1_6' title='bbox 352 597 570 702; x_wconf 66' lang='lat' dir='ltr'><strong>Vffl&#39;tu’o:</strong></span> <span class='ocrx_word' id='word_1_7' title='bbox 618 630 803 721; x_wconf 61' lang='lat' dir='ltr'><strong>Tompelur</strong></span> <span class='ocrx_word' id='word_1_8' title='bbox 819 631 867 694; x_wconf 77' lang='lat' dir='ltr'><strong>ito</strong></span> <span class='ocrx_word' id='word_1_9' title='bbox 883 623 1108 701; x_wconf 75' lang='lat' dir='ltr'>contendisset,</span> <span class='ocrx_word' id='word_1_10' title='bbox 1130 630 1170 686; x_wconf 89' lang='lat' dir='ltr'><strong>ut</strong></span> <span class='ocrx_word' id='word_1_11' title='bbox 1184 618 1399 698; x_wconf 70' lang='lat' dir='ltr'><strong>nihilumque</strong></span> 
     </span>
     <span class='ocr_line' id='line_1_3' title="bbox 349 731 1399 831; baseline -0.015 -23"><span class='ocrx_word' id='word_1_12' title='bbox 349 736 427 788; x_wconf 65' lang='lat'>‘¹¹¹²</span> <span class='ocrx_word' id='word_1_13' title='bbox 452 735 571 813; x_wconf 77' lang='lat'>1‘110</span> <span class='ocrx_word' id='word_1_14' title='bbox 631 751 759 831; x_wconf 77' lang='lat' dir='ltr'><strong>magis,</strong></span> <span class='ocrx_word' id='word_1_15' title='bbox 780 742 821 807; x_wconf 79' lang='lat' dir='ltr'><strong>u&#39;t</strong></span> <span class='ocrx_word' id='word_1_16' title='bbox 839 760 917 805; x_wconf 88' lang='lat' dir='ltr'><strong>cum</strong></span> <span class='ocrx_word' id='word_1_17' title='bbox 934 737 1042 805; x_wconf 74' lang='lat' dir='ltr'><strong>Crasso</strong></span> <span class='ocrx_word' id='word_1_18' title='bbox 1063 737 1200 801; x_wconf 82' lang='lat' dir='ltr'>redirem</span> <span class='ocrx_word' id='word_1_19' title='bbox 1223 735 1257 797; x_wconf 92' lang='lat' dir='ltr'><strong>in</strong></span> <span class='ocrx_word' id='word_1_20' title='bbox 1276 731 1399 816; x_wconf 77' lang='lat' dir='ltr'><strong>gratian</strong></span> 
     </span>
     <span class='ocr_line' id='line_1_4' title="bbox 343 844 1399 940; baseline 0.019 -52"><span class='ocrx_word' id='word_1_21' title='bbox 343 848 354 888; x_wconf 80' lang='lat' dir='ltr'><strong>n</strong></span> <span class='ocrx_word' id='word_1_22' title='bbox 373 853 556 922; x_wconf 73' lang='lat' dir='ltr'><strong>omnes</strong></span> <span class='ocrx_word' id='word_1_23' title='bbox 625 860 807 940; x_wconf 70' lang='lat' dir='ltr'><strong>,caesarque</strong></span> <span class='ocrx_word' id='word_1_24' title='bbox 822 873 880 938; x_wconf 88' lang='lat' dir='ltr'><strong>per</strong></span> <span class='ocrx_word' id='word_1_25' title='bbox 896 852 1019 917; x_wconf 76' lang='lat' dir='ltr'><strong>litterae</strong></span> <span class='ocrx_word' id='word_1_26' title='bbox 1036 851 1175 915; x_wconf 78' lang='lat' dir='ltr'><strong>maxima</strong></span> <span class='ocrx_word' id='word_1_27' title='bbox 1192 850 1223 915; x_wconf 88' lang='lat' dir='ltr'><strong>se</strong></span> <span class='ocrx_word' id='word_1_28' title='bbox 1237 844 1399 912; x_wconf 71' lang='lat' dir='ltr'><strong>molestia«</strong></span> 
     </span>
     <span class='ocr_line' id='line_1_5' title="bbox 343 958 1399 1040; baseline -0.009 -7"><span class='ocrx_word' id='word_1_29' title='bbox 343 958 554 1033; x_wconf 67' lang='lat' dir='ltr'><strong>¹¹⁰⁰deae</strong></span> <span class='ocrx_word' id='word_1_30' title='bbox 637 973 696 1036; x_wconf 81' lang='lat' dir='ltr'><strong>iiia</strong></span> <span class='ocrx_word' id='word_1_31' title='bbox 717 967 924 1033; x_wconf 83' lang='lat' dir='ltr'><strong>contentione</strong></span> <span class='ocrx_word' id='word_1_32' title='bbox 943 963 1094 1030; x_wconf 76' lang='lat' dir='ltr'><strong>affeitum</strong></span> <span class='ocrx_word' id='word_1_33' title='bbox 1114 964 1311 1040; x_wconf 79' lang='lat' dir='ltr'><strong>ostenderet3</strong></span> <span class='ocrx_word' id='word_1_34' title='bbox 1340 959 1399 1024; x_wconf 82' lang='lat' dir='ltr'><strong>hah</strong></span> 
     </span>
     <span class='ocr_line' id='line_1_6' title="bbox 415 1064 1399 1162; baseline -0.012 -14"><span class='ocrx_word' id='word_1_35' title='bbox 415 1064 431 1079; x_wconf 59' lang='lat'><em>⁶</em></span> <span class='ocrx_word' id='word_1_36' title='bbox 518 1114 548 1132; x_wconf 93' lang='lat'><em>-</em></span> <span class='ocrx_word' id='word_1_37' title='bbox 635 1101 711 1147; x_wconf 72' lang='lat' dir='ltr'><strong>vnrm</strong></span> <span class='ocrx_word' id='word_1_38' title='bbox 727 1088 908 1162; x_wconf 88' lang='lat' dir='ltr'><strong>temporum</strong></span> <span class='ocrx_word' id='word_1_39' title='bbox 921 1079 1023 1144; x_wconf 85' lang='lat' dir='ltr'><strong>solum</strong></span> <span class='ocrx_word' id='word_1_40' title='bbox 1041 1079 1195 1143; x_wconf 79' lang='lat' dir='ltr'><strong>rationem</strong></span> <span class='ocrx_word' id='word_1_41' title='bbox 1211 1073 1399 1151; x_wconf 87' lang='lat' dir='ltr'><strong>meorum,s</strong></span> 
     </span>
     <span class='ocr_line' id='line_1_7' title="bbox 514 1167 1399 1287; baseline -0.009 -28"><span class='ocrx_word' id='word_1_42' title='bbox 514 1238 538 1270; x_wconf 83' lang='lat'><strong>,</strong></span> <span class='ocrx_word' id='word_1_43' title='bbox 645 1194 744 1259; x_wconf 78' lang='lat' dir='ltr'><strong>etiam</strong></span> <span class='ocrx_word' id='word_1_44' title='bbox 758 1201 883 1256; x_wconf 76' lang='lat' dir='ltr'><strong>naturae</strong></span> <span class='ocrx_word' id='word_1_45' title='bbox 903 1211 914 1255; x_wconf 74' lang='lat' dir='ltr'><strong><em>z</em></strong></span> <span class='ocrx_word' id='word_1_46' title='bbox 937 1167 1152 1287; x_wconf 29' lang='lat' dir='ltr'><strong>decessusque,</strong></span> <span class='ocrx_word' id='word_1_47' title='bbox 1173 1202 1213 1257; x_wconf 85' lang='lat' dir='ltr'><strong>nt</strong></span> <span class='ocrx_word' id='word_1_48' title='bbox 1229 1189 1315 1276; x_wconf 86' lang='lat' dir='ltr'><strong>quafi</strong></span> <span class='ocrx_word' id='word_1_49' title='bbox 1329 1187 1399 1254; x_wconf 76' lang='lat' dir='ltr'><strong>teste</strong></span> 
     </span>
     <span class='ocr_line' id='line_1_8' title="bbox 647 1304 1399 1392; baseline -0.004 -23"><span class='ocrx_word' id='word_1_50' title='bbox 647 1305 768 1392; x_wconf 92' lang='lat' dir='ltr'><strong>populo</strong></span> <span class='ocrx_word' id='word_1_51' title='bbox 794 1306 937 1369; x_wconf 73' lang='lat' dir='ltr'><strong>Romano</strong></span> <span class='ocrx_word' id='word_1_52' title='bbox 956 1304 1032 1370; x_wconf 86' lang='lat' dir='ltr'><strong>effet</strong></span> <span class='ocrx_word' id='word_1_53' title='bbox 1050 1306 1154 1373; x_wconf 79' lang='lat' dir='ltr'><strong>nostra</strong></span> <span class='ocrx_word' id='word_1_54' title='bbox 1173 1307 1294 1391; x_wconf 76' lang='lat' dir='ltr'><strong>gratia,</strong></span> <span class='ocrx_word' id='word_1_55' title='bbox 1316 1324 1399 1389; x_wconf 80' lang='lat' dir='ltr'><strong>poene</strong></span> 
     </span>
     <span class='ocr_line' id='line_1_9' title="bbox 651 1402 1399 1504; baseline -0.009 -18"><span class='ocrx_word' id='word_1_56' title='bbox 651 1421 740 1486; x_wconf 85' lang='lat' dir='ltr'><strong>meie-</strong></span> <span class='ocrx_word' id='word_1_57' title='bbox 762 1420 885 1484; x_wconf 84' lang='lat' dir='ltr'><strong>laribus</strong></span> <span class='ocrx_word' id='word_1_58' title='bbox 916 1419 950 1482; x_wconf 92' lang='lat' dir='ltr'><strong>in</strong></span> <span class='ocrx_word' id='word_1_59' title='bbox 976 1421 1173 1504; x_wconf 81' lang='lat' dir='ltr'><strong>provinciam</strong></span> <span class='ocrx_word' id='word_1_60' title='bbox 1196 1419 1241 1484; x_wconf 83' lang='lat' dir='ltr'><strong>est</strong></span> <span class='ocrx_word' id='word_1_61' title='bbox 1269 1402 1399 1504; x_wconf 72' lang='lat' dir='ltr'><strong>proseitr</strong></span> 
     </span>
     <span class='ocr_line' id='line_1_10' title="bbox 649 1532 1399 1620; baseline -0.008 -19"><span class='ocrx_word' id='word_1_62' title='bbox 649 1532 737 1602; x_wconf 78' lang='lat' dir='ltr'><strong>Nom</strong></span> <span class='ocrx_word' id='word_1_63' title='bbox 751 1554 825 1600; x_wconf 86' lang='lat' dir='ltr'><strong>curn</strong></span> <span class='ocrx_word' id='word_1_64' title='bbox 838 1535 917 1598; x_wconf 85' lang='lat' dir='ltr'><strong>mihi</strong></span> <span class='ocrx_word' id='word_1_65' title='bbox 933 1534 1119 1612; x_wconf 61' lang='lat' dir='ltr'><strong>condidisset</strong></span> <span class='ocrx_word' id='word_1_66' title='bbox 1128 1584 1138 1614; x_wconf 92' lang='lat'><strong>,</strong></span> <span class='ocrx_word' id='word_1_67' title='bbox 1147 1536 1288 1601; x_wconf 85' lang='lat' dir='ltr'><strong>coenavit</strong></span> <span class='ocrx_word' id='word_1_68' title='bbox 1298 1535 1380 1620; x_wconf 83' lang='lat' dir='ltr'><strong>opud</strong></span> <span class='ocrx_word' id='word_1_69' title='bbox 1396 1553 1399 1594; x_wconf 79' lang='lat' dir='ltr'><strong>r</strong></span> 
     </span>
     <span class='ocr_line' id='line_1_11' title="bbox 629 1646 1399 1736; baseline -0.008 -20"><span class='ocrx_word' id='word_1_70' title='bbox 629 1677 632 1684; x_wconf 92' lang='grc'><em>·</em></span> <span class='ocrx_word' id='word_1_71' title='bbox 649 1652 685 1716; x_wconf 89' lang='lat' dir='ltr'><strong>in</strong></span> <span class='ocrx_word' id='word_1_72' title='bbox 701 1652 764 1716; x_wconf 86' lang='lat' dir='ltr'><strong>mei</strong></span> <span class='ocrx_word' id='word_1_73' title='bbox 777 1650 887 1736; x_wconf 80' lang='lat' dir='ltr'><strong>generi</strong></span> <span class='ocrx_word' id='word_1_74' title='bbox 898 1646 1084 1733; x_wconf 77' lang='lat' dir='ltr'><strong>Crassipedis</strong></span> <span class='ocrx_word' id='word_1_75' title='bbox 1097 1650 1211 1715; x_wconf 84' lang='lat' dir='ltr'><strong>hortis.</strong></span> <span class='ocrx_word' id='word_1_76' title='bbox 1229 1648 1399 1726; x_wconf 76' lang='lat' dir='ltr'><strong>Quamobr</strong></span> 
     </span>
     <span class='ocr_line' id='line_1_12' title="bbox 652 1763 1399 1850; baseline -0.003 -19"><span class='ocrx_word' id='word_1_77' title='bbox 652 1766 723 1850; x_wconf 82' lang='lat' dir='ltr'><strong>ejus</strong></span> <span class='ocrx_word' id='word_1_78' title='bbox 740 1767 883 1841; x_wconf 81' lang='lat' dir='ltr'><strong>causam,</strong></span> <span class='ocrx_word' id='word_1_79' title='bbox 906 1765 991 1848; x_wconf 92' lang='lat' dir='ltr'><strong>quod</strong></span> <span class='ocrx_word' id='word_1_80' title='bbox 1006 1771 1039 1827; x_wconf 88' lang='lat' dir='ltr'><strong>te</strong></span> <span class='ocrx_word' id='word_1_81' title='bbox 1054 1764 1161 1828; x_wconf 86' lang='lat' dir='ltr'><strong>scribis</strong></span> <span class='ocrx_word' id='word_1_82' title='bbox 1179 1763 1296 1832; x_wconf 85' lang='lat' dir='ltr'><strong>audiffe</strong></span> <span class='ocrx_word' id='word_1_83' title='bbox 1306 1810 1316 1842; x_wconf 88' lang='lat'><strong><em>,</em></strong></span> <span class='ocrx_word' id='word_1_84' title='bbox 1336 1781 1399 1844; x_wconf 66' lang='lat' dir='ltr'><strong>mat</strong></span> 
     </span>
     <span class='ocr_line' id='line_1_13' title="bbox 652 1875 1398 1961; baseline -0.009 -16"><span class='ocrx_word' id='word_1_85' title='bbox 652 1880 741 1945; x_wconf 79' lang='lat' dir='ltr'><strong>illius</strong></span> <span class='ocrx_word' id='word_1_86' title='bbox 759 1879 1038 1944; x_wconf 80' lang='lat' dir='ltr'><strong>commendatione</strong></span> <span class='ocrx_word' id='word_1_87' title='bbox 1056 1878 1247 1961; x_wconf 84' lang='lat' dir='ltr'><strong>susceptam,</strong></span> <span class='ocrx_word' id='word_1_88' title='bbox 1270 1875 1398 1942; x_wconf 83' lang='lat' dir='ltr'><strong>defendi</strong></span> 
     </span>
     <span class='ocr_line' id='line_1_14' title="bbox 652 1989 1399 2075; baseline -0.009 -16"><span class='ocrx_word' id='word_1_89' title='bbox 652 1992 783 2071; x_wconf 67' lang='lat' dir='ltr'><strong>senatu,</strong></span> <span class='ocrx_word' id='word_1_90' title='bbox 798 1991 879 2057; x_wconf 90' lang='lat' dir='ltr'><strong>ficut</strong></span> <span class='ocrx_word' id='word_1_91' title='bbox 896 2010 967 2057; x_wconf 75' lang='lat' dir='ltr'><strong>mea</strong></span> <span class='ocrx_word' id='word_1_92' title='bbox 982 1989 1063 2055; x_wconf 82' lang='lat' dir='ltr'><strong>fides</strong></span> <span class='ocrx_word' id='word_1_93' title='bbox 1075 1989 1264 2075; x_wconf 84' lang='lat' dir='ltr'><strong>postulabat.</strong></span> <span class='ocrx_word' id='word_1_94' title='bbox 1282 1989 1399 2073; x_wconf 75' lang='lat' dir='ltr'><strong>Accepi</strong></span> 
     </span>
     <span class='ocr_line' id='line_1_15' title="bbox 655 2103 1399 2192; baseline -0.001 -22"><span class='ocrx_word' id='word_1_95' title='bbox 655 2108 773 2192; x_wconf 86' lang='lat' dir='ltr'><strong>quibus</strong></span> <span class='ocrx_word' id='word_1_96' title='bbox 791 2107 888 2171; x_wconf 88' lang='lat' dir='ltr'><strong>rebus</strong></span> <span class='ocrx_word' id='word_1_97' title='bbox 905 2103 1063 2169; x_wconf 76' lang='lat' dir='ltr'><strong>adduitus</strong></span> <span class='ocrx_word' id='word_1_98' title='bbox 1072 2151 1082 2182; x_wconf 90' lang='lat'><em>,</em></span> <span class='ocrx_word' id='word_1_99' title='bbox 1107 2122 1270 2187; x_wconf 83' lang='lat' dir='ltr'><strong>quamque</strong></span> <span class='ocrx_word' id='word_1_100' title='bbox 1287 2124 1354 2169; x_wconf 90' lang='lat' dir='ltr'><strong>rem</strong></span> <span class='ocrx_word' id='word_1_101' title='bbox 1375 2125 1399 2169; x_wconf 78' lang='lat' dir='ltr'><strong>c:</strong></span> 
     </span>
     <span class='ocr_line' id='line_1_16' title="bbox 653 2208 1399 2305; baseline -0.005 -18"><span class='ocrx_word' id='word_1_102' title='bbox 653 2208 790 2305; x_wconf 35' lang='lat' dir='ltr'><strong>samque*</strong></span> <span class='ocrx_word' id='word_1_103' title='bbox 800 2222 994 2286; x_wconf 80' lang='lat' dir='ltr'><strong>defenderim</strong></span> <span class='ocrx_word' id='word_1_104' title='bbox 1005 2242 1015 2298; x_wconf 93' lang='lat'>;</span> <span class='ocrx_word' id='word_1_105' title='bbox 1027 2220 1150 2303; x_wconf 89' lang='lat' dir='ltr'><strong>quique</strong></span> <span class='ocrx_word' id='word_1_106' title='bbox 1164 2237 1254 2282; x_wconf 86' lang='lat' dir='ltr'><strong>meus</strong></span> <span class='ocrx_word' id='word_1_107' title='bbox 1267 2218 1300 2281; x_wconf 91' lang='lat' dir='ltr'><strong>in</strong></span> <span class='ocrx_word' id='word_1_108' title='bbox 1315 2222 1399 2304; x_wconf 56' lang='lat' dir='ltr'><strong>repud</strong></span> 
     </span>
     <span class='ocr_line' id='line_1_17' title="bbox 654 2330 1359 2420; baseline 0 -21"><span class='ocrx_word' id='word_1_109' title='bbox 654 2355 693 2400; x_wconf 88' lang='lat' dir='ltr'><strong>ca</strong></span> <span class='ocrx_word' id='word_1_110' title='bbox 710 2336 747 2400; x_wconf 87' lang='lat' dir='ltr'><strong>fit</strong></span> <span class='ocrx_word' id='word_1_111' title='bbox 756 2338 821 2420; x_wconf 80' lang='lat' dir='ltr'><strong>&#39;pro</strong></span> <span class='ocrx_word' id='word_1_112' title='bbox 838 2355 910 2401; x_wconf 83' lang='lat' dir='ltr'><strong>mea</strong></span> <span class='ocrx_word' id='word_1_113' title='bbox 929 2345 1021 2420; x_wconf 80' lang='lat' dir='ltr'><strong>porte</strong></span> <span class='ocrx_word' id='word_1_114' title='bbox 1043 2330 1227 2417; x_wconf 78' lang='lat' dir='ltr'><strong>capessenda</strong></span> <span class='ocrx_word' id='word_1_115' title='bbox 1247 2331 1359 2399; x_wconf 79' lang='lat' dir='ltr'><strong>status.</strong></span> 
     </span>
     <span class='ocr_line' id='line_1_18' title="bbox 657 2447 1399 2533; baseline 0 -19"><span class='ocrx_word' id='word_1_116' title='bbox 657 2469 722 2533; x_wconf 91' lang='lat' dir='ltr'><strong>quo</strong></span> <span class='ocrx_word' id='word_1_117' title='bbox 739 2449 780 2513; x_wconf 89' lang='lat' dir='ltr'><strong>fic</strong></span> <span class='ocrx_word' id='word_1_118' title='bbox 794 2450 890 2516; x_wconf 83' lang='lat' dir='ltr'><strong>velim</strong></span> <span class='ocrx_word' id='word_1_119' title='bbox 906 2448 1045 2527; x_wconf 78' lang='lat' dir='ltr'><strong>statuas,</strong></span> <span class='ocrx_word' id='word_1_120' title='bbox 1069 2468 1120 2512; x_wconf 88' lang='lat' dir='ltr'><strong>me</strong></span> <span class='ocrx_word' id='word_1_121' title='bbox 1134 2447 1204 2511; x_wconf 82' lang='lat' dir='ltr'><strong>haec</strong></span> <span class='ocrx_word' id='word_1_122' title='bbox 1221 2450 1334 2513; x_wconf 84' lang='lat' dir='ltr'><strong>eadem</strong></span> <span class='ocrx_word' id='word_1_123' title='bbox 1350 2450 1399 2515; x_wconf 90' lang='lat' dir='ltr'><strong>sen</strong></span> 
     </span>
     <span class='ocr_line' id='line_1_19' title="bbox 625 2547 1399 2644; baseline 0.005 -18"><span class='ocrx_word' id='word_1_124' title='bbox 625 2579 628 2584; x_wconf 85' lang='lat'>·</span> <span class='ocrx_word' id='word_1_125' title='bbox 654 2583 726 2627; x_wconf 88' lang='lat' dir='ltr'><strong>rum</strong></span> <span class='ocrx_word' id='word_1_126' title='bbox 747 2564 857 2639; x_wconf 83' lang='lat' dir='ltr'><strong>fuisse,</strong></span> <span class='ocrx_word' id='word_1_127' title='bbox 881 2561 999 2626; x_wconf 85' lang='lat' dir='ltr'><strong>firnihi</strong></span> <span class='ocrx_word' id='word_1_128' title='bbox 1021 2562 1145 2644; x_wconf 80' lang='lat' dir='ltr'><strong>integro</strong></span> <span class='ocrx_word' id='word_1_129' title='bbox 1164 2562 1272 2625; x_wconf 87' lang='lat' dir='ltr'><strong>omnia</strong></span> <span class='ocrx_word' id='word_1_130' title='bbox 1297 2581 1335 2627; x_wconf 81' lang='lat' dir='ltr'><strong>ac</strong></span> <span class='ocrx_word' id='word_1_131' title='bbox 1356 2547 1399 2630; x_wconf 82' lang='lat' dir='ltr'><strong>lib</strong></span> 
     </span>
     <span class='ocr_line' id='line_1_20' title="bbox 655 2676 1399 2758; baseline 0.001 -18"><span class='ocrx_word' id='word_1_132' title='bbox 655 2676 796 2740; x_wconf 80' lang='lat' dir='ltr'><strong>fuissent.</strong></span> <span class='ocrx_word' id='word_1_133' title='bbox 837 2676 921 2739; x_wconf 82' lang='lat' dir='ltr'><strong>Nam</strong></span> <span class='ocrx_word' id='word_1_134' title='bbox 937 2693 1042 2758; x_wconf 89' lang='lat' dir='ltr'><strong>neque</strong></span> <span class='ocrx_word' id='word_1_135' title='bbox 1057 2677 1265 2757; x_wconf 75' lang='lat' dir='ltr'><strong>pugnandum</strong></span> <span class='ocrx_word' id='word_1_136' title='bbox 1283 2678 1399 2742; x_wconf 85' lang='lat' dir='ltr'><strong>arbitra</strong></span> 
     </span>
     <span class='ocr_line' id='line_1_21' title="bbox 657 2788 1399 2871; baseline 0.008 -24"><span class='ocrx_word' id='word_1_137' title='bbox 657 2799 770 2849; x_wconf 86' lang='lat' dir='ltr'><strong>contra</strong></span> <span class='ocrx_word' id='word_1_138' title='bbox 783 2797 890 2850; x_wconf 82' lang='lat' dir='ltr'><strong>tantas</strong></span> <span class='ocrx_word' id='word_1_139' title='bbox 901 2807 983 2870; x_wconf 78' lang='lat' dir='ltr'><strong>opes</strong></span> <span class='ocrx_word' id='word_1_140' title='bbox 992 2832 1002 2864; x_wconf 87' lang='lat'><em>,</em></span> <span class='ocrx_word' id='word_1_141' title='bbox 1017 2806 1123 2871; x_wconf 88' lang='lat' dir='ltr'><strong>neque</strong></span> <span class='ocrx_word' id='word_1_142' title='bbox 1134 2788 1320 2866; x_wconf 79' lang='lat' dir='ltr'><strong>delendum,</strong></span> <span class='ocrx_word' id='word_1_143' title='bbox 1336 2790 1399 2854; x_wconf 86' lang='lat' dir='ltr'><strong>etia</strong></span> 
     </span>
     <span class='ocr_line' id='line_1_22' title="bbox 625 2896 1399 2985; baseline 0.009 -26"><span class='ocrx_word' id='word_1_144' title='bbox 625 2916 627 2920; x_wconf 86' lang='lat'>·</span> <span class='ocrx_word' id='word_1_145' title='bbox 655 2898 689 2961; x_wconf 92' lang='lat' dir='ltr'><strong>id</strong></span> <span class='ocrx_word' id='word_1_146' title='bbox 706 2896 779 2962; x_wconf 85' lang='lat' dir='ltr'><strong>fieri</strong></span> <span class='ocrx_word' id='word_1_147' title='bbox 799 2898 901 2981; x_wconf 86' lang='lat' dir='ltr'><strong>posset</strong></span> <span class='ocrx_word' id='word_1_148' title='bbox 908 2944 918 2975; x_wconf 89' lang='lat'><em>,</em></span> <span class='ocrx_word' id='word_1_149' title='bbox 942 2900 1137 2963; x_wconf 88' lang='lat' dir='ltr'><strong>summorum</strong></span> <span class='ocrx_word' id='word_1_150' title='bbox 1159 2901 1279 2965; x_wconf 87' lang='lat' dir='ltr'><strong>civium</strong></span> <span class='ocrx_word' id='word_1_151' title='bbox 1299 2902 1399 2985; x_wconf 85' lang='lat' dir='ltr'><strong>princi</strong></span> 
     </span>
     <span class='ocr_line' id='line_1_23' title="bbox 601 2997 1396 3094; baseline 0.013 -23"><span class='ocrx_word' id='word_1_152' title='bbox 601 3000 605 3008; x_wconf 49' lang='lat'>⁵</span> <span class='ocrx_word' id='word_1_153' title='bbox 654 2997 745 3085; x_wconf 78' lang='lat' dir='ltr'><strong>tom,</strong></span> <span class='ocrx_word' id='word_1_154' title='bbox 768 3031 875 3093; x_wconf 89' lang='lat' dir='ltr'><strong>neque</strong></span> <span class='ocrx_word' id='word_1_155' title='bbox 890 3014 1142 3094; x_wconf 80' lang='lat' dir='ltr'><strong>permanendum</strong></span> <span class='ocrx_word' id='word_1_156' title='bbox 1158 3014 1190 3077; x_wconf 84' lang='lat' dir='ltr'><strong>in</strong></span> <span class='ocrx_word' id='word_1_157' title='bbox 1206 3032 1271 3078; x_wconf 81' lang='lat' dir='ltr'><strong>una</strong></span> <span class='ocrx_word' id='word_1_158' title='bbox 1289 3014 1396 3081; x_wconf 85' lang='lat' dir='ltr'><strong>senten</strong></span> 
     </span>
     <span class='ocr_line' id='line_1_24' title="bbox 656 3120 1397 3201; baseline 0.015 -18"><span class='ocrx_word' id='word_1_159' title='bbox 656 3120 818 3185; x_wconf 86' lang='lat' dir='ltr'><strong>conversis</strong></span> <span class='ocrx_word' id='word_1_160' title='bbox 843 3124 964 3201; x_wconf 86' lang='lat' dir='ltr'><strong>rebus,</strong></span> <span class='ocrx_word' id='word_1_161' title='bbox 996 3142 1034 3187; x_wconf 80' lang='lat' dir='ltr'><strong>oc</strong></span> <span class='ocrx_word' id='word_1_162' title='bbox 1056 3126 1214 3191; x_wconf 88' lang='lat' dir='ltr'><strong>bonorum</strong></span> <span class='ocrx_word' id='word_1_163' title='bbox 1236 3127 1397 3195; x_wconf 83' lang='lat' dir='ltr'><strong>voluntati</strong></span> 
     </span>
     <span class='ocr_line' id='line_1_25' title="bbox 654 3234 1399 3319; baseline 0.021 -24"><span class='ocrx_word' id='word_1_164' title='bbox 654 3234 860 3311; x_wconf 76' lang='lat' dir='ltr'><strong>immutatis,</strong></span> <span class='ocrx_word' id='word_1_165' title='bbox 893 3239 946 3300; x_wconf 92' lang='lat' dir='ltr'><strong>sed</strong></span> <span class='ocrx_word' id='word_1_166' title='bbox 979 3240 1178 3319; x_wconf 77' lang='lat' dir='ltr'><strong>temporibus</strong></span> <span class='ocrx_word' id='word_1_167' title='bbox 1212 3242 1399 3311; x_wconf 67' lang='lat' dir='ltr'><strong>assentiendo</strong></span> 
     </span>
     <span class='ocr_line' id='line_1_26' title="bbox 652 3344 1399 3440; baseline 0.017 -31"><span class='ocrx_word' id='word_1_168' title='bbox 652 3344 842 3428; x_wconf 74' lang='lat' dir='ltr'><strong>Numquam</strong></span> <span class='ocrx_word' id='word_1_169' title='bbox 851 3350 936 3414; x_wconf 82' lang='lat' dir='ltr'><strong>eninr</strong></span> <span class='ocrx_word' id='word_1_170' title='bbox 946 3350 1169 3435; x_wconf 79' lang='lat' dir='ltr'><strong>proeliantibus</strong></span> <span class='ocrx_word' id='word_1_171' title='bbox 1180 3358 1212 3420; x_wconf 86' lang='lat' dir='ltr'><strong>in</strong></span> <span class='ocrx_word' id='word_1_172' title='bbox 1224 3359 1384 3440; x_wconf 83' lang='lat' dir='ltr'><strong>republica</strong></span> <span class='ocrx_word' id='word_1_173' title='bbox 1398 3427 1399 3436; x_wconf 17' lang='lat' dir='ltr'><strong>p</strong></span> 
     </span>
     <span class='ocr_line' id='line_1_27' title="bbox 654 3449 1399 3538; baseline 0.021 -16"><span class='ocrx_word' id='word_1_174' title='bbox 654 3458 816 3525; x_wconf 78' lang='lat' dir='ltr'><strong>bernarda</strong></span> <span class='ocrx_word' id='word_1_175' title='bbox 839 3449 917 3527; x_wconf 71' lang='lat' dir='ltr'><strong>uiris</strong></span> <span class='ocrx_word' id='word_1_176' title='bbox 939 3466 1070 3530; x_wconf 73' lang='lat' dir='ltr'><strong>laudata</strong></span> <span class='ocrx_word' id='word_1_177' title='bbox 1097 3468 1141 3531; x_wconf 88' lang='lat' dir='ltr'><strong>est</strong></span> <span class='ocrx_word' id='word_1_178' title='bbox 1161 3470 1194 3533; x_wconf 90' lang='lat' dir='ltr'><strong>in</strong></span> <span class='ocrx_word' id='word_1_179' title='bbox 1214 3489 1279 3535; x_wconf 81' lang='lat' dir='ltr'><strong>una</strong></span> <span class='ocrx_word' id='word_1_180' title='bbox 1303 3470 1399 3538; x_wconf 75' lang='lat' dir='ltr'><strong>senten</strong></span> 
     </span>
     <span class='ocr_line' id='line_1_28' title="bbox 656 3576 1399 3669; baseline 0.019 -33"><span class='ocrx_word' id='word_1_181' title='bbox 656 3584 813 3657; x_wconf 80' lang='lat' dir='ltr'><strong>perpetua</strong></span> <span class='ocrx_word' id='word_1_182' title='bbox 839 3576 1038 3661; x_wconf 71' lang='lat' dir='ltr'><strong>permensio:</strong></span> <span class='ocrx_word' id='word_1_183' title='bbox 1067 3580 1137 3661; x_wconf 88' lang='lat' dir='ltr'><strong>sed,</strong></span> <span class='ocrx_word' id='word_1_184' title='bbox 1159 3591 1196 3649; x_wconf 87' lang='lat' dir='ltr'><strong>ut</strong></span> <span class='ocrx_word' id='word_1_185' title='bbox 1219 3586 1252 3649; x_wconf 92' lang='lat' dir='ltr'><strong>in</strong></span> <span class='ocrx_word' id='word_1_186' title='bbox 1277 3587 1399 3669; x_wconf 72' lang='lat' dir='ltr'><strong>navigan</strong></span> 
     </span>
    </p>
   </div>
   <div class='ocr_carea' id='block_1_3' title="bbox 0 0 1736 4075">
    <p class='ocr_par' dir='ltr' id='par_1_3' title="bbox 0 0 1736 4075">
     <span class='ocr_line' id='line_1_29' title="bbox 0 0 1736 4075; baseline 0 0"><span class='ocrx_word' id='word_1_187' title='bbox 0 0 1736 4075; x_wconf 95' lang='lat' dir='ltr'><strong> </strong></span> 
     </span>
    </p>
   </div>
  </div>
 </body>
</html>
