<?xml version="1.0" encoding="UTF-8"?>
<!DOCTYPE html PUBLIC "-//W3C//DTD XHTML 1.0 Transitional//EN"
    "http://www.w3.org/TR/xhtml1/DTD/xhtml1-transitional.dtd">
<html xmlns="http://www.w3.org/1999/xhtml" xml:lang="en" lang="en">
 <head>
  <title>
</title>
<meta http-equiv="Content-Type" content="text/html;charset=utf-8" />
  <meta name='ocr-system' content='tesseract 3.04.00' />
  <meta name='ocr-capabilities' content='ocr_page ocr_carea ocr_par ocr_line ocrx_word'/>
</head>
<body>
  <div class='ocr_page' id='page_1' title='image "./mtvlliiciceroni05cicegoog/mtvlliiciceroni05cicegoog_0583.png"; bbox 0 0 3459 4075; ppageno 0'>
   <div class='ocr_carea' id='block_1_1' title="bbox 465 346 1265 424">
    <p class='ocr_par' dir='ltr' id='par_1_1' title="bbox 465 346 1265 424">
     <span class='ocr_line' id='line_1_1' title="bbox 465 346 1265 424; baseline -0.01 1"><span class='ocrx_word' id='word_1_1' title='bbox 465 351 538 424; x_wconf 67' lang='lat'>&#39;216</span> <span class='ocrx_word' id='word_1_2' title='bbox 572 346 952 423; x_wconf 74' lang='lat' dir='ltr'>EPISTOLARVM</span> <span class='ocrx_word' id='word_1_3' title='bbox 973 348 1068 418; x_wconf 81' lang='lat' dir='ltr'>Llu.</span> <span class='ocrx_word' id='word_1_4' title='bbox 1091 347 1187 420; x_wconf 85' lang='lat' dir='ltr'>XII.</span> <span class='ocrx_word' id='word_1_5' title='bbox 1260 371 1265 376; x_wconf 90' lang='lat'>·</span> 
     </span>
    </p>
   </div>
   <div class='ocr_carea' id='block_1_2' title="bbox 472 523 1302 1296">
    <p class='ocr_par' dir='ltr' id='par_1_2' title="bbox 472 523 1302 1296">
     <span class='ocr_line' id='line_1_2' title="bbox 472 523 1274 608; baseline -0.005 -12"><span class='ocrx_word' id='word_1_6' title='bbox 472 538 531 596; x_wconf 81' lang='lat' dir='ltr'>aut</span> <span class='ocrx_word' id='word_1_7' title='bbox 546 530 678 594; x_wconf 83' lang='lat' dir='ltr'>scribere</span> <span class='ocrx_word' id='word_1_8' title='bbox 697 527 738 593; x_wconf 85' lang='lat' dir='ltr'>ad</span> <span class='ocrx_word' id='word_1_9' title='bbox 754 533 807 604; x_wconf 84' lang='lat' dir='ltr'>te,</span> <span class='ocrx_word' id='word_1_10' title='bbox 832 532 891 590; x_wconf 86' lang='lat' dir='ltr'>aut</span> <span class='ocrx_word' id='word_1_11' title='bbox 908 533 980 589; x_wconf 80' lang='lat' dir='ltr'>tuaa</span> <span class='ocrx_word' id='word_1_12' title='bbox 997 525 1105 608; x_wconf 79' lang='lat' dir='ltr'>legere</span> <span class='ocrx_word' id='word_1_13' title='bbox 1119 523 1274 592; x_wconf 67' lang='lat' dir='ltr'>litteras?</span> 
     </span>
     <span class='ocr_line' id='line_1_3' title="bbox 472 617 1299 723; baseline -0.004 -16"><span class='ocrx_word' id='word_1_14' title='bbox 472 645 563 713; x_wconf 82' lang='lat' dir='ltr'>Illud</span> <span class='ocrx_word' id='word_1_15' title='bbox 579 642 680 723; x_wconf 76' lang='lat' dir='ltr'>magis</span> <span class='ocrx_word' id='word_1_16' title='bbox 698 640 777 704; x_wconf 90' lang='lat' dir='ltr'>mihi</span> <span class='ocrx_word' id='word_1_17' title='bbox 795 639 874 704; x_wconf 82' lang='lat' dir='ltr'>solat</span> <span class='ocrx_word' id='word_1_18' title='bbox 890 637 952 706; x_wconf 79' lang='lat' dir='ltr'>effe</span> <span class='ocrx_word' id='word_1_19' title='bbox 967 634 1151 717; x_wconf 75' lang='lat' dir='ltr'>meletium,</span> <span class='ocrx_word' id='word_1_20' title='bbox 1173 617 1277 704; x_wconf 78' lang='lat' dir='ltr'>tantia</span> <span class='ocrx_word' id='word_1_21' title='bbox 1295 699 1299 704; x_wconf 88' lang='lat'><em>.</em></span> 
     </span>
     <span class='ocr_line' id='line_1_4' title="bbox 475 734 1279 838; baseline -0.007 -15"><span class='ocrx_word' id='word_1_22' title='bbox 475 776 530 823; x_wconf 84' lang='lat' dir='ltr'>me</span> <span class='ocrx_word' id='word_1_23' title='bbox 545 754 693 838; x_wconf 88' lang='lat' dir='ltr'>impediri</span> <span class='ocrx_word' id='word_1_24' title='bbox 713 754 1004 836; x_wconf 80' lang='lat' dir='ltr'>occupationibus,</span> <span class='ocrx_word' id='word_1_25' title='bbox 1033 759 1071 816; x_wconf 84' lang='lat' dir='ltr'>ut</span> <span class='ocrx_word' id='word_1_26' title='bbox 1086 754 1127 818; x_wconf 87' lang='lat' dir='ltr'>ad</span> <span class='ocrx_word' id='word_1_27' title='bbox 1145 760 1179 817; x_wconf 89' lang='lat' dir='ltr'>te</span> <span class='ocrx_word' id='word_1_28' title='bbox 1199 734 1279 820; x_wconf 58' lang='lat' dir='ltr'>serii</span> 
     </span>
     <span class='ocr_line' id='line_1_5' title="bbox 475 847 1278 936; baseline -0.004 0"><span class='ocrx_word' id='word_1_29' title='bbox 475 869 571 936; x_wconf 80' lang='lat' dir='ltr'>beudi</span> <span class='ocrx_word' id='word_1_30' title='bbox 595 847 672 931; x_wconf 82' lang='lat' dir='ltr'>meo</span> <span class='ocrx_word' id='word_1_31' title='bbox 693 867 853 932; x_wconf 81' lang='lat' dir='ltr'>arbitratu</span> <span class='ocrx_word' id='word_1_32' title='bbox 883 868 1022 931; x_wconf 73' lang='lat' dir='ltr'><strong>facultas</strong></span> <span class='ocrx_word' id='word_1_33' title='bbox 1052 867 1140 932; x_wconf 84' lang='lat' dir='ltr'>nulla</span> <span class='ocrx_word' id='word_1_34' title='bbox 1164 867 1278 934; x_wconf 87' lang='lat' dir='ltr'>detur.</span> 
     </span>
     <span class='ocr_line' id='line_1_6' title="bbox 477 978 1278 1062; baseline -0.007 -13"><span class='ocrx_word' id='word_1_35' title='bbox 477 981 552 1049; x_wconf 78' lang='lat' dir='ltr'>Non</span> <span class='ocrx_word' id='word_1_36' title='bbox 572 982 658 1045; x_wconf 85' lang='lat' dir='ltr'>enim</span> <span class='ocrx_word' id='word_1_37' title='bbox 682 988 715 1045; x_wconf 88' lang='lat' dir='ltr'>te</span> <span class='ocrx_word' id='word_1_38' title='bbox 736 978 893 1062; x_wconf 82' lang='lat' dir='ltr'>epistolis,</span> <span class='ocrx_word' id='word_1_39' title='bbox 916 980 968 1046; x_wconf 86' lang='lat' dir='ltr'>sed</span> <span class='ocrx_word' id='word_1_40' title='bbox 992 979 1209 1046; x_wconf 85' lang='lat' dir='ltr'>voluminibus</span> <span class='ocrx_word' id='word_1_41' title='bbox 1229 980 1278 1043; x_wconf 89' lang='lat' dir='ltr'>la·</span> 
     </span>
     <span class='ocr_line' id='line_1_7' title="bbox 478 1081 1302 1184; baseline 0 -25"><span class='ocrx_word' id='word_1_42' title='bbox 478 1094 649 1173; x_wconf 76' lang='lat' dir='ltr'>cefferem3</span> <span class='ocrx_word' id='word_1_43' title='bbox 673 1093 790 1178; x_wconf 88' lang='lat' dir='ltr'>quibus</span> <span class='ocrx_word' id='word_1_44' title='bbox 808 1092 938 1184; x_wconf 70' lang='lat' dir='ltr'>quidem</span> <span class='ocrx_word' id='word_1_45' title='bbox 956 1112 1009 1157; x_wconf 89' lang='lat' dir='ltr'>me</span> <span class='ocrx_word' id='word_1_46' title='bbox 1025 1112 1045 1159; x_wconf 86' lang='lat' dir='ltr'>a</span> <span class='ocrx_word' id='word_1_47' title='bbox 1059 1081 1095 1158; x_wconf 56' lang='lat' dir='ltr'>te&#39;</span> <span class='ocrx_word' id='word_1_48' title='bbox 1108 1093 1280 1176; x_wconf 83' lang='lat' dir='ltr'>provocari</span> <span class='ocrx_word' id='word_1_49' title='bbox 1299 1152 1302 1158; x_wconf 94' lang='lat'>.</span> 
     </span>
     <span class='ocr_line' id='line_1_8' title="bbox 481 1203 1279 1296; baseline -0.004 -24"><span class='ocrx_word' id='word_1_50' title='bbox 481 1209 662 1292; x_wconf 73' lang='lat' dir='ltr'><strong>oportebat.</strong></span> <span class='ocrx_word' id='word_1_51' title='bbox 716 1203 875 1281; x_wconf 87' lang='lat' dir='ltr'>Quamvis</span> <span class='ocrx_word' id='word_1_52' title='bbox 898 1205 986 1269; x_wconf 88' lang='lat' dir='ltr'>enim</span> <span class='ocrx_word' id='word_1_53' title='bbox 1001 1214 1191 1296; x_wconf 81' lang='lat' dir='ltr'>occupatus</span> <span class='ocrx_word' id='word_1_54' title='bbox 1215 1205 1279 1285; x_wconf 83' lang='lat' dir='ltr'>fia,-</span> 
     </span>
    </p>
   </div>
   <div class='ocr_carea' id='block_1_3' title="bbox 350 1316 1325 1409">
    <p class='ocr_par' dir='ltr' id='par_1_3' title="bbox 350 1316 1325 1409">
     <span class='ocr_line' id='line_1_9' title="bbox 350 1316 1325 1409; baseline -0.008 -20"><span class='ocrx_word' id='word_1_55' title='bbox 350 1406 352 1409; x_wconf 8' lang='lat' dir='ltr'>y</span> <span class='ocrx_word' id='word_1_56' title='bbox 481 1322 541 1388; x_wconf 83' lang='lat' dir='ltr'>otii</span> <span class='ocrx_word' id='word_1_57' title='bbox 558 1316 669 1386; x_wconf 83' lang='lat' dir='ltr'>tamen</span> <span class='ocrx_word' id='word_1_58' title='bbox 689 1316 765 1403; x_wconf 79' lang='lat' dir='ltr'>plue</span> <span class='ocrx_word' id='word_1_59' title='bbox 785 1318 896 1385; x_wconf 84' lang='lat' dir='ltr'>habea.</span> <span class='ocrx_word' id='word_1_60' title='bbox 940 1319 1033 1398; x_wconf 84' lang='lat' dir='ltr'>Aut,</span> <span class='ocrx_word' id='word_1_61' title='bbox 1056 1316 1190 1383; x_wconf 82' lang='lat' dir='ltr'>finem</span> <span class='ocrx_word' id='word_1_62' title='bbox 1207 1321 1281 1402; x_wconf 88' lang='lat' dir='ltr'>qui·</span> <span class='ocrx_word' id='word_1_63' title='bbox 1322 1358 1325 1362; x_wconf 62' lang='grc'><strong><em>«</em></strong></span> 
     </span>
    </p>
   </div>
   <div class='ocr_carea' id='block_1_4' title="bbox 442 1413 1322 3448">
    <p class='ocr_par' dir='ltr' id='par_1_4' title="bbox 442 1413 1322 3448">
     <span class='ocr_line' id='line_1_10' title="bbox 482 1413 1282 1518; baseline -0.006 -16"><span class='ocrx_word' id='word_1_64' title='bbox 482 1437 555 1502; x_wconf 84' lang='lat' dir='ltr'>dem</span> <span class='ocrx_word' id='word_1_65' title='bbox 572 1451 693 1509; x_wconf 85' lang='lat' dir='ltr'>vacas,</span> <span class='ocrx_word' id='word_1_66' title='bbox 724 1432 792 1496; x_wconf 82' lang='lat' dir='ltr'>noli</span> <span class='ocrx_word' id='word_1_67' title='bbox 811 1413 982 1518; x_wconf 77' lang='lat' dir='ltr'>impudena</span> <span class='ocrx_word' id='word_1_68' title='bbox 1005 1430 1089 1511; x_wconf 78' lang='lat' dir='ltr'>effe,</span> <span class='ocrx_word' id='word_1_69' title='bbox 1119 1453 1179 1497; x_wconf 83' lang='lat' dir='ltr'>nec</span> <span class='ocrx_word' id='word_1_70' title='bbox 1198 1433 1282 1506; x_wconf 82' lang='lat' dir='ltr'>mihi</span> 
     </span>
     <span class='ocr_line' id='line_1_11' title="bbox 481 1540 1284 1623; baseline -0.005 -10"><span class='ocrx_word' id='word_1_71' title='bbox 481 1546 658 1613; x_wconf 82' lang='lat' dir='ltr'>molestiam</span> <span class='ocrx_word' id='word_1_72' title='bbox 674 1540 888 1623; x_wconf 80' lang='lat' dir='ltr'>exhibere‚&amp;</span> <span class='ocrx_word' id='word_1_73' title='bbox 902 1559 923 1610; x_wconf 73' lang='lat' dir='ltr'>u</span> <span class='ocrx_word' id='word_1_74' title='bbox 939 1566 991 1610; x_wconf 86' lang='lat' dir='ltr'>me</span> <span class='ocrx_word' id='word_1_75' title='bbox 1004 1544 1128 1610; x_wconf 72' lang='lat' dir='ltr'>litterae</span> <span class='ocrx_word' id='word_1_76' title='bbox 1139 1546 1284 1611; x_wconf 85' lang='lat' dir='ltr'>crebrio-</span> 
     </span>
     <span class='ocr_line' id='line_1_12' title="bbox 482 1656 1282 1743; baseline 0.001 -19"><span class='ocrx_word' id='word_1_77' title='bbox 482 1681 561 1738; x_wconf 86' lang='lat' dir='ltr'>res,</span> <span class='ocrx_word' id='word_1_78' title='bbox 594 1676 669 1721; x_wconf 89' lang='lat' dir='ltr'>cum</span> <span class='ocrx_word' id='word_1_79' title='bbox 690 1665 731 1722; x_wconf 88' lang='lat' dir='ltr'>tu</span> <span class='ocrx_word' id='word_1_80' title='bbox 756 1656 838 1734; x_wconf 82' lang='lat' dir='ltr'>mihi</span> <span class='ocrx_word' id='word_1_81' title='bbox 864 1676 937 1722; x_wconf 88' lang='lat' dir='ltr'>raro</span> <span class='ocrx_word' id='word_1_82' title='bbox 960 1658 1094 1737; x_wconf 77' lang='lat' dir='ltr'>mittas,</span> <span class='ocrx_word' id='word_1_83' title='bbox 1121 1658 1282 1743; x_wconf 80' lang='lat' dir='ltr'>flagitare.</span> 
     </span>
     <span class='ocr_line' id='line_1_13' title="bbox 482 1768 1298 1855; baseline -0.001 -16"><span class='ocrx_word' id='word_1_84' title='bbox 482 1771 658 1839; x_wconf 77' lang='lat' dir='ltr'>Nemeum</span> <span class='ocrx_word' id='word_1_85' title='bbox 674 1777 770 1839; x_wconf 86' lang='lat' dir='ltr'>antea</span> <span class='ocrx_word' id='word_1_86' title='bbox 786 1768 957 1838; x_wconf 81' lang='lat' dir='ltr'>distinebar</span> <span class='ocrx_word' id='word_1_87' title='bbox 975 1772 1124 1837; x_wconf 79' lang='lat' dir='ltr'>maximis</span> <span class='ocrx_word' id='word_1_88' title='bbox 1144 1789 1298 1855; x_wconf 78' lang='lat' dir='ltr'>occupa·¹</span> 
     </span>
     <span class='ocr_line' id='line_1_14' title="bbox 483 1880 1286 1976; baseline -0.002 -25"><span class='ocrx_word' id='word_1_89' title='bbox 483 1887 655 1963; x_wconf 87' lang='lat' dir='ltr'>tionibus,</span> <span class='ocrx_word' id='word_1_90' title='bbox 693 1891 862 1969; x_wconf 85' lang='lat' dir='ltr'>propterea</span> <span class='ocrx_word' id='word_1_91' title='bbox 889 1886 978 1969; x_wconf 84' lang='lat' dir='ltr'>quod</span> <span class='ocrx_word' id='word_1_92' title='bbox 1010 1880 1158 1976; x_wconf 84' lang='lat' dir='ltr'>omnibus</span> <span class='ocrx_word' id='word_1_93' title='bbox 1193 1885 1286 1952; x_wconf 80' lang='lat' dir='ltr'>curis</span> 
     </span>
     <span class='ocr_line' id='line_1_15' title="bbox 484 1973 1289 2083; baseline 0.001 -18"><span class='ocrx_word' id='word_1_94' title='bbox 484 1973 716 2083; x_wconf 81' lang='lat' dir='ltr'>rempublicam</span> <span class='ocrx_word' id='word_1_95' title='bbox 736 1998 815 2063; x_wconf 83' lang='lat' dir='ltr'>mihi</span> <span class='ocrx_word' id='word_1_96' title='bbox 834 1998 986 2064; x_wconf 77' lang='lat' dir='ltr'>mendam</span> <span class='ocrx_word' id='word_1_97' title='bbox 1009 1998 1187 2082; x_wconf 70' lang='lat' dir='ltr'>putabam</span> <span class='ocrx_word' id='word_1_98' title='bbox 1210 2004 1289 2066; x_wconf 84' lang='lat' dir='ltr'>tum¹</span> 
     </span>
     <span class='ocr_line' id='line_1_16' title="bbox 485 2089 1287 2196; baseline 0 -18"><span class='ocrx_word' id='word_1_99' title='bbox 485 2114 548 2178; x_wconf 88' lang='lat' dir='ltr'>hoc</span> <span class='ocrx_word' id='word_1_100' title='bbox 572 2122 716 2196; x_wconf 84' lang='lat' dir='ltr'>tempore</span> <span class='ocrx_word' id='word_1_101' title='bbox 742 2099 845 2177; x_wconf 83' lang='lat' dir='ltr'>multo</span> <span class='ocrx_word' id='word_1_102' title='bbox 873 2110 1022 2177; x_wconf 81' lang='lat' dir='ltr'>distineor</span> <span class='ocrx_word' id='word_1_103' title='bbox 1048 2089 1287 2179; x_wconf 62' lang='lat' dir='ltr'>vehementior.</span> 
     </span>
     <span class='ocr_line' id='line_1_17' title="bbox 485 2199 1289 2309; baseline -0.002 -17"><span class='ocrx_word' id='word_1_104' title='bbox 485 2225 533 2292; x_wconf 87' lang='lat' dir='ltr'>Ut</span> <span class='ocrx_word' id='word_1_105' title='bbox 549 2228 634 2290; x_wconf 88' lang='lat' dir='ltr'>enirn</span> <span class='ocrx_word' id='word_1_106' title='bbox 656 2226 785 2309; x_wconf 77' lang='lat' dir='ltr'>gravius</span> <span class='ocrx_word' id='word_1_107' title='bbox 802 2233 961 2307; x_wconf 82' lang='lat' dir='ltr'>aegrotant</span> <span class='ocrx_word' id='word_1_108' title='bbox 980 2199 1120 2309; x_wconf 49' lang='lat' dir='ltr'>iisqui,</span> <span class='ocrx_word' id='word_1_109' title='bbox 1143 2244 1218 2290; x_wconf 87' lang='lat' dir='ltr'>eum</span> <span class='ocrx_word' id='word_1_110' title='bbox 1236 2227 1289 2290; x_wconf 81' lang='lat' dir='ltr'>le·</span> 
     </span>
     <span class='ocr_line' id='line_1_18' title="bbox 487 2336 1287 2422; baseline 0 -18"><span class='ocrx_word' id='word_1_111' title='bbox 487 2341 556 2404; x_wconf 89' lang='lat' dir='ltr'>vati</span> <span class='ocrx_word' id='word_1_112' title='bbox 574 2340 685 2402; x_wconf 88' lang='lat' dir='ltr'>morbo</span> <span class='ocrx_word' id='word_1_113' title='bbox 707 2340 918 2416; x_wconf 86' lang='lat' dir='ltr'>viderentur,</span> <span class='ocrx_word' id='word_1_114' title='bbox 946 2336 981 2402; x_wconf 81' lang='lat' dir='ltr'>in</span> <span class='ocrx_word' id='word_1_115' title='bbox 998 2358 1074 2404; x_wconf 90' lang='lat' dir='ltr'>eum</span> <span class='ocrx_word' id='word_1_116' title='bbox 1095 2338 1135 2401; x_wconf 84' lang='lat' dir='ltr'>de</span> <span class='ocrx_word' id='word_1_117' title='bbox 1155 2338 1287 2422; x_wconf 78' lang='lat' dir='ltr'>integro</span> 
     </span>
     <span class='ocr_line' id='line_1_19' title="bbox 485 2449 1307 2528; baseline -0.002 -15"><span class='ocrx_word' id='word_1_118' title='bbox 485 2451 667 2513; x_wconf 77' lang='lat' dir='ltr'>inciderunt</span> <span class='ocrx_word' id='word_1_119' title='bbox 680 2473 690 2527; x_wconf 83' lang='lat'><em>3</em></span> <span class='ocrx_word' id='word_1_120' title='bbox 713 2449 755 2515; x_wconf 82' lang='lat' dir='ltr'>fic</span> <span class='ocrx_word' id='word_1_121' title='bbox 769 2450 990 2517; x_wconf 70' lang='lat' dir='ltr'>vehementius</span> <span class='ocrx_word' id='word_1_122' title='bbox 1006 2470 1065 2514; x_wconf 84' lang='lat' dir='ltr'>nus</span> <span class='ocrx_word' id='word_1_123' title='bbox 1080 2449 1286 2528; x_wconf 79' lang='lat' dir='ltr'><strong>laboramus,</strong></span> <span class='ocrx_word' id='word_1_124' title='bbox 1304 2506 1307 2511; x_wconf 85' lang='lat'>.</span> 
     </span>
     <span class='ocr_line' id='line_1_20' title="bbox 488 2560 1289 2647; baseline 0.001 -22"><span class='ocrx_word' id='word_1_125' title='bbox 488 2563 564 2646; x_wconf 88' lang='lat' dir='ltr'>qui,</span> <span class='ocrx_word' id='word_1_126' title='bbox 586 2561 758 2646; x_wconf 84' lang='lat' dir='ltr'>profligato</span> <span class='ocrx_word' id='word_1_127' title='bbox 778 2564 884 2639; x_wconf 79' lang='lat' dir='ltr'><strong>bello,</strong></span> <span class='ocrx_word' id='word_1_128' title='bbox 907 2583 945 2628; x_wconf 84' lang='lat' dir='ltr'>ac</span> <span class='ocrx_word' id='word_1_129' title='bbox 964 2580 1054 2647; x_wconf 79' lang='lat' dir='ltr'>paene</span> <span class='ocrx_word' id='word_1_130' title='bbox 1069 2560 1207 2637; x_wconf 80' lang='lat' dir='ltr'>subiato,</span> <span class='ocrx_word' id='word_1_131' title='bbox 1231 2583 1289 2626; x_wconf 85' lang='lat' dir='ltr'>re·</span> 
     </span>
     <span class='ocr_line' id='line_1_21' title="bbox 488 2672 1288 2759; baseline -0.001 -18"><span class='ocrx_word' id='word_1_132' title='bbox 488 2684 644 2741; x_wconf 84' lang='lat' dir='ltr'>novatum</span> <span class='ocrx_word' id='word_1_133' title='bbox 660 2675 782 2740; x_wconf 83' lang='lat' dir='ltr'>bellum</span> <span class='ocrx_word' id='word_1_134' title='bbox 797 2696 909 2759; x_wconf 80' lang='lat' dir='ltr'>gerere</span> <span class='ocrx_word' id='word_1_135' title='bbox 925 2678 1089 2742; x_wconf 75' lang='lat' dir='ltr'>conamur.</span> <span class='ocrx_word' id='word_1_136' title='bbox 1133 2672 1195 2738; x_wconf 89' lang='lat' dir='ltr'>Sed</span> <span class='ocrx_word' id='word_1_137' title='bbox 1212 2674 1288 2740; x_wconf 80' lang='lat' dir='ltr'>haee</span> 
     </span>
     <span class='ocr_line' id='line_1_22' title="bbox 487 2786 1322 2868; baseline -0.002 -12"><span class='ocrx_word' id='word_1_138' title='bbox 487 2789 658 2856; x_wconf 76' lang='lat' dir='ltr'>hattenus.</span> <span class='ocrx_word' id='word_1_139' title='bbox 708 2786 765 2856; x_wconf 83' lang='lat' dir='ltr'>Tu</span> <span class='ocrx_word' id='word_1_140' title='bbox 786 2789 869 2868; x_wconf 85' lang='lat' dir='ltr'>tibi,</span> <span class='ocrx_word' id='word_1_141' title='bbox 899 2791 944 2854; x_wconf 89' lang='lat' dir='ltr'>mi</span> <span class='ocrx_word' id='word_1_142' title='bbox 969 2787 1144 2867; x_wconf 82' lang='lat' dir='ltr'>Cornifici,</span> <span class='ocrx_word' id='word_1_143' title='bbox 1173 2789 1226 2852; x_wconf 79' lang='lat' dir='ltr'>rac</span> <span class='ocrx_word' id='word_1_144' title='bbox 1249 2797 1290 2854; x_wconf 79' lang='lat' dir='ltr'>ut</span> <span class='ocrx_word' id='word_1_145' title='bbox 1319 2840 1322 2845; x_wconf 90' lang='lat'><em>.</em></span> 
     </span>
     <span class='ocr_line' id='line_1_23' title="bbox 489 2890 1291 2987; baseline -0.005 -18"><span class='ocrx_word' id='word_1_146' title='bbox 489 2905 677 2987; x_wconf 78' lang='lat' dir='ltr'>persuadeas</span> <span class='ocrx_word' id='word_1_147' title='bbox 687 2948 699 2980; x_wconf 89' lang='lat'><em>‚</em></span> <span class='ocrx_word' id='word_1_148' title='bbox 719 2924 784 2969; x_wconf 90' lang='lat' dir='ltr'>non</span> <span class='ocrx_word' id='word_1_149' title='bbox 805 2890 868 2970; x_wconf 80' lang='lat' dir='ltr'>effe</span> <span class='ocrx_word' id='word_1_150' title='bbox 884 2910 1021 2969; x_wconf 84' lang='lat' dir='ltr'>metam</span> <span class='ocrx_word' id='word_1_151' title='bbox 1040 2899 1200 2967; x_wconf 84' lang='lat' dir='ltr'>imbecillo</span> <span class='ocrx_word' id='word_1_152' title='bbox 1217 2903 1291 2966; x_wconf 88' lang='lat' dir='ltr'>ani·</span> 
     </span>
     <span class='ocr_line' id='line_1_24' title="bbox 489 3013 1290 3099; baseline -0.006 -18"><span class='ocrx_word' id='word_1_153' title='bbox 489 3037 563 3096; x_wconf 87' lang='lat' dir='ltr'>mo,</span> <span class='ocrx_word' id='word_1_154' title='bbox 587 3038 628 3081; x_wconf 85' lang='lat' dir='ltr'>ne</span> <span class='ocrx_word' id='word_1_155' title='bbox 643 3018 744 3081; x_wconf 83' lang='lat' dir='ltr'>dicam</span> <span class='ocrx_word' id='word_1_156' title='bbox 758 3019 953 3099; x_wconf 69' lang='lat' dir='ltr'>Inhaerent),</span> <span class='ocrx_word' id='word_1_157' title='bbox 974 3021 1014 3082; x_wconf 86' lang='lat' dir='ltr'>ut</span> <span class='ocrx_word' id='word_1_158' title='bbox 1029 3033 1048 3078; x_wconf 84' lang='lat' dir='ltr'>a</span> <span class='ocrx_word' id='word_1_159' title='bbox 1064 3022 1100 3093; x_wconf 76' lang='lat' dir='ltr'>te</span> <span class='ocrx_word' id='word_1_160' title='bbox 1116 3014 1200 3078; x_wconf 85' lang='lat' dir='ltr'>vinci</span> <span class='ocrx_word' id='word_1_161' title='bbox 1217 3013 1290 3098; x_wconf 80' lang='lat' dir='ltr'>pos·</span> 
     </span>
     <span class='ocr_line' id='line_1_25' title="bbox 442 3116 1290 3211; baseline -0.001 -18"><span class='ocrx_word' id='word_1_162' title='bbox 442 3201 445 3211; x_wconf 22' lang='lat' dir='ltr'>f</span> <span class='ocrx_word' id='word_1_163' title='bbox 488 3127 547 3193; x_wconf 76' lang='lat' dir='ltr'>fim</span> <span class='ocrx_word' id='word_1_164' title='bbox 569 3139 625 3194; x_wconf 89' lang='lat' dir='ltr'>aut</span> <span class='ocrx_word' id='word_1_165' title='bbox 642 3128 756 3195; x_wconf 77' lang='lat' dir='ltr'>officiis</span> <span class='ocrx_word' id='word_1_166' title='bbox 772 3137 828 3194; x_wconf 83' lang='lat' dir='ltr'>aut</span> <span class='ocrx_word' id='word_1_167' title='bbox 842 3148 964 3195; x_wconf 88' lang='lat' dir='ltr'>amore.</span> <span class='ocrx_word' id='word_1_168' title='bbox 1008 3127 1084 3193; x_wconf 88' lang='lat' dir='ltr'>Non</span> <span class='ocrx_word' id='word_1_169' title='bbox 1101 3116 1290 3192; x_wconf 79' lang='lat' dir='ltr'>dubitabam</span> 
     </span>
     <span class='ocr_line' id='line_1_26' title="bbox 490 3239 1301 3324; baseline -0.002 -20"><span class='ocrx_word' id='word_1_170' title='bbox 490 3242 667 3324; x_wconf 82' lang='lat' dir='ltr'>equidem:</span> <span class='ocrx_word' id='word_1_171' title='bbox 697 3251 916 3309; x_wconf 80' lang='lat' dir='ltr'>verumtamen</span> <span class='ocrx_word' id='word_1_172' title='bbox 943 3242 1048 3307; x_wconf 90' lang='lat' dir='ltr'>multo</span> <span class='ocrx_word' id='word_1_173' title='bbox 1075 3239 1155 3307; x_wconf 89' lang='lat' dir='ltr'>mihi</span> <span class='ocrx_word' id='word_1_174' title='bbox 1180 3241 1301 3304; x_wconf 77' lang='lat' dir='ltr'>notio·‘</span> 
     </span>
     <span class='ocr_line' id='line_1_27' title="bbox 489 3353 1312 3448; baseline 0.002 -33"><span class='ocrx_word' id='word_1_175' title='bbox 489 3372 559 3416; x_wconf 86' lang='lat' dir='ltr'>rem</span> <span class='ocrx_word' id='word_1_176' title='bbox 576 3371 718 3448; x_wconf 84' lang='lat' dir='ltr'>amorem</span> <span class='ocrx_word' id='word_1_177' title='bbox 735 3365 827 3422; x_wconf 90' lang='lat' dir='ltr'>tuum</span> <span class='ocrx_word' id='word_1_178' title='bbox 844 3354 951 3420; x_wconf 83' lang='lat' dir='ltr'>effecit</span> <span class='ocrx_word' id='word_1_179' title='bbox 965 3354 1153 3436; x_wconf 78' lang='lat' dir='ltr'>CherIppus.</span> <span class='ocrx_word' id='word_1_180' title='bbox 1183 3353 1291 3426; x_wconf 81' lang='lat'>0110·</span> <span class='ocrx_word' id='word_1_181' title='bbox 1309 3363 1312 3367; x_wconf 87' lang='grc'>’</span> 
     </span>
    </p>
   </div>
   <div class='ocr_carea' id='block_1_5' title="bbox 491 3465 1289 3557">
    <p class='ocr_par' dir='ltr' id='par_1_5' title="bbox 491 3465 1289 3557">
     <span class='ocr_line' id='line_1_28' title="bbox 491 3465 1289 3557; baseline 0.003 -25"><span class='ocrx_word' id='word_1_182' title='bbox 491 3465 631 3550; x_wconf 86' lang='lat' dir='ltr'>minem,</span> <span class='ocrx_word' id='word_1_183' title='bbox 648 3467 776 3555; x_wconf 74' lang='lat' dir='ltr'>&#39;semper</span> <span class='ocrx_word' id='word_1_184' title='bbox 795 3469 887 3541; x_wconf 85' lang='lat' dir='ltr'>ilium</span> <span class='ocrx_word' id='word_1_185' title='bbox 905 3467 1036 3557; x_wconf 78' lang='lat' dir='ltr'>quidem</span> <span class='ocrx_word' id='word_1_186' title='bbox 1056 3467 1136 3537; x_wconf 86' lang='lat' dir='ltr'>mihi</span> <span class='ocrx_word' id='word_1_187' title='bbox 1152 3473 1289 3553; x_wconf 84' lang='lat' dir='ltr'>aptum,</span> 
     </span>
    </p>
   </div>
   <div class='ocr_carea' id='block_1_6' title="bbox 0 0 1754 4075">
    <p class='ocr_par' dir='ltr' id='par_1_6' title="bbox 0 0 1754 4075">
     <span class='ocr_line' id='line_1_29' title="bbox 0 0 1754 4075; baseline 0 0"><span class='ocrx_word' id='word_1_188' title='bbox 0 0 1754 4075; x_wconf 95' lang='lat' dir='ltr'> </span> 
     </span>
    </p>
   </div>
  </div>
 </body>
</html>
