3459 4075
466 272 531 358 ³⁶0
771 261 814 350 t(
857 285 879 328 0
919 261 959 350 t(
1063 239 1066 246 ’

470 441 604 526 Neapoli
615 439 649 503 in
664 434 850 504 Bibliotheca
864 436 1033 526 nobiteffimi
1047 436 1123 507 Veri
1134 431 1276 526 &oseptet

478 558 614 625 Vottetae
633 549 772 637 exstabat
789 553 882 616 editio
899 551 1042 617 Romana
1063 551 1278 634 Epifiotarnrn

473 667 517 734 oe
533 670 687 739 Boeotum,
711 662 748 747 Q.
766 665 930 740 Fratrem,
955 663 1116 728 Ottaoinm
1131 661 1170 732 8
1185 664 1280 729 Aroe·-

476 800 562 854 onm,
583 798 649 840 enm
668 776 735 838 aito
752 776 852 842 Attici
861 772 985 860 scripta
1000 796 1021 840 a
1039 777 1174 859 Nepote,
1193 795 1279 840 anno

477 910 575 972 1490,
595 887 652 970 fot.
661 907 720 969 per
733 889 927 973 Magistrum
943 886 1138 954 Enotrariurn
1155 886 1281 967 Sitter,

478 1007 560 1066 otios
579 1001 716 1073 Franci.
738 1019 805 1065 cnm
820 1002 905 1065 notis
919 1001 1024 1066 MSS.
1033 997 1126 1083 &ani
1133 997 1285 1067 Parrha·

472 1110 524 1200 fii.
550 1112 659 1195 Hnjeos
674 1114 804 1194 exempti
818 1113 958 1195 repetitio
966 1110 1056 1196 fatto
1068 1111 1109 1197 est
1118 1132 1177 1194 per
1191 1115 1285 1180 Bar·

480 1227 554 1291 ttot.
574 1228 738 1289 Satieetnm
760 1227 878 1292 Boron.
893 1224 930 1293 ἓέ
949 1226 1121 1290 Comitium
1144 1224 1283 1309 Regiam

478 1337 540 1425 fine
555 1340 609 1400 tooi
623 1337 661 1406 i?
673 1339 749 1400 anni
764 1346 856 1411 nota,
873 1334 930 1417 sed
940 1336 1123 1404 contritione
1130 1335 1286 1418 adhibita,-

482 1471 560 1536 qnae
574 1449 699 1513 videtur
714 1445 767 1534 effe
782 1451 946 1532 Pomponii
965 1450 1070 1526 Laett',
1092 1451 1126 1512 in
1141 1451 1226 1534 Epp.
1238 1452 1285 1518 ad

482 1563 624 1629 Atticum
649 1581 664 1624 e
690 1563 770 1628 MS.
795 1561 968 1648 Augustini
997 1557 1120 1647 Maffei.
1164 1565 1286 1647 Nempe

479 1676 691 1760 pontianam,
708 1676 763 1758 qni
777 1675 932 1758 tegerent,
954 1686 990 1739 nt
1004 1674 1041 1744 δέ
1056 1675 1194 1761 nnnefit.
1224 1678 1284 1743 Se·
1321 1655 1324 1660 ¹

483 1790 550 1853 culo
565 1787 671 1851 oteinde
687 1787 908 1871 quintodecimo
926 1795 1088 1871 coeperunt
1100 1786 1288 1871 diligentins

482 1900 617 1965 traffari
635 1920 656 1963 a
678 1900 822 1977 Criticis,
840 1896 899 1984 sed
915 1907 952 1964 nt
965 1898 1061 1984 facite
1076 1901 1284 1984 intettigitnr,

481 2033 541 2099 per
562 2010 753 2096 eonjettnras
774 2013 903 2094 magis,
925 2029 1018 2094 qnam
1034 2033 1094 2097 per
1113 2010 1226 2090 libros,
1247 2023 1286 2079 nt

346 2186 349 2191 .
478 2125 601 2210 sottum
621 2125 656 2187 in
671 2122 745 2185 etit.
763 2120 884 2187 Atdt'na
903 2140 957 2189 an.
977 2145 1070 2206 1513,
1090 2140 1125 2201 g.
1142 2130 1176 2190 in
1194 2127 1286 2210 an'na

414 2229 417 2235 ’
481 2232 678 2322 praefatione
688 2234 844 2315 promittit
860 2233 965 2301 Atdns
982 2237 1069 2303 edere
1082 2224 1197 2322 corporo
1212 2243 1287 2303 nni-

482 2342 644 2429 versornrn
661 2346 815 2412 Ciceronis
827 2345 991 2415 tibrornon.
1036 2352 1077 2414 In
1086 2348 1286 2431 praefatione

483 2459 524 2545 efl
540 2459 755 2540 interpretatio
771 2462 983 2532 Graecorum,
1007 2476 1085 2541 qnae
1102 2460 1136 2519 in
1151 2458 1286 2539 apostatis

480 2567 535 2637 neo
553 2579 732 2639 occurrunt.
778 2575 841 2639 Sed
856 2572 931 2656 ptus
948 2548 1053 2634 debent
1070 2567 1127 2632 trae
1144 2569 1283 2654 epistotae

485 2683 639 2757 Vitiorio,
659 2688 698 2752 P.
716 2684 883 2755 Munatio,
904 2679 1063 2757 Conrado,
1083 2681 1233 2747 Lambino
1245 2685 1284 2754 Θ

482 2799 573 2876 otiis,
596 2801 650 2882 qni
668 2801 771 2880 Opera
783 2790 931 2879 univorsa
949 2793 1081 2862 edidere.
1107 2797 1284 2863 Sretexem-

478 2912 604 2994 ptornon
620 2911 773 2975 editorum
785 2925 906 2992 genera
921 2908 1188 2987 memorabimus,
1204 2930 1283 2997 qnae

479 3024 568 3087 notris
585 3025 757 3086 innotuere.

547 3137 622 3200 Coeno
637 3136 720 3200 notis
733 3136 837 3220 igitur
851 3135 871 3213 J
872 3156 902 3200 ο.
921 3135 1071 3221 Baptistae
1086 3135 1152 3218 Pii,
1176 3139 1284 3213 Bono-f

478 3246 603 3330 retento,
622 3269 705 3336 qnos
721 3248 900 3334 Heottn'oo,
921 3251 996 3337 qnia
1010 3270 1100 3323 nane
1116 3250 1282 3336 etnentroq
