3459 4075
547 321 621 472 'no
652 374 849 487 norrun
878 377 1174 450 runco-nvn.
1209 401 1270 470 ιη

463 557 551 643 gatis
568 554 665 620 nirnia
685 569 837 637 magnos,
860 574 935 618 cum
953 555 1103 621 solvendo
1117 557 1266 622 civitatee

444 654 531 736 'non
550 653 668 733 essenti
705 667 772 736 Hic
790 688 851 751 ego
873 669 978 733 rnnlta
997 667 1086 734 simul
1111 671 1266 754 cogitavi.

463 783 608 870 primunr
621 788 655 846 te
667 781 849 858 honrinern,
872 803 937 854 non
953 782 1055 847 solum
1071 782 1264 867 sapientem,

459 914 580 977 ⁴verum
596 895 694 969 etiarn
717 898 771 975 (ut
783 913 871 959 nune
884 896 1067 980 loquimur)
1087 897 1264 975 urbanum,

463 1027 531 1075 non
551 1009 729 1075 arbitrabar
744 1028 861 1091 genere
879 1009 938 1072 isto
954 996 1154 1092 legationum
1174 1010 1264 1075 dele·

461 1118 569 1201 &tari3
597 1121 697 1207 idque
718 1141 772 1188 me
786 1123 925 1194 arbitror
943 1119 1105 1206 Synnadis
1126 1139 1185 1207 pro
1201 1122 1263 1191 tri·

459 1235 698 1315 bunalilmultie
721 1234 828 1304 verbis
853 1233 1076 1319 disputavisse:
1098 1236 1260 1318 primurn,

456 1347 601 1432 Appium
616 1349 785 1414 Claudium
802 1348 925 1414 senatui
945 1348 1130 1434 populoque
1143 1347 1261 1411 Rona-

456 1460 828 1547 no,nonMyndenfiunr
842 1461 1045 1541 testimonio,
1062 1459 1260 1544 (incaeniro
1291 1513 1294 1517 ,

454 1575 590 1645 civitate
616 1576 741 1640 mentio
764 1573 851 1642 fatte
874 1576 963 1662 est,)
986 1577 1038 1660 sed
1055 1577 1108 1641 sua
1125 1576 1259 1658 sponte,

453 1682 516 1753 effe
532 1689 723 1753 laudaturus
743 1689 859 1753 deinde
876 1710 928 1754 nre
944 1689 1003 1754 ista
1019 1687 1128 1755 vidiffe
1144 1688 1257 1752 multis
1396 1720 1399 1725 ·

452 1799 600 1864 accidere
610 1845 620 1876 ,
631 1809 679 1864 ut
694 1821 806 1863 eorum
823 1802 917 1865 causa
931 1802 1109 1885 legationes
1120 1800 1256 1864 Romam
1342 1805 1346 1818 “

451 1911 622 1986 uenirent3
644 1913 697 1975 sed
711 1912 763 1975 his
777 1912 993 1994 legationibus
1004 1933 1069 1976 non
1082 1911 1257 1976 meminiffe

451 2016 559 2089 nillum
574 2029 701 2104 ternpus
716 2022 883 2098 laudandi,
892 2032 950 2087 aut
963 2024 1073 2088 loeurn
1089 2023 1178 2087 dari:
1191 2020 1257 2087 itu·

452 2138 507 2208 dia
529 2134 608 2200 rnihi
636 2154 749 2200 eorum
771 2135 901 2219 placere
913 2181 924 2213 ,
953 2138 1040 2222 quod
1061 2136 1096 2200 in
1120 2145 1153 2201 te
1174 2135 1256 2201 bene

451 2249 575 2331 nerito
587 2248 672 2331 grati
692 2246 816 2314 essent:
840 2246 1005 2315 confilium
1023 2258 1138 2325 totum.
1152 2250 1255 2314 videri

449 2364 582 2428 uninirne
597 2361 818 2428 necessarium.
862 2358 897 2426 Si
920 2372 1028 2429 autern
1052 2365 1172 2430 vellent
1195 2366 1253 2429 de-

449 2478 571 2542 clarare
581 2477 615 2541 in
629 2498 668 2541 eo
685 2474 830 2541 officium
846 2476 957 2557 suum,
966 2480 1172 2542 laudaturum
1185 2498 1250 2555 rne,

446 2588 471 2656 fi
488 2592 545 2675 qui
560 2590 616 2656 suo
639 2574 897 2677 surntufunstus
915 2590 993 2655 effet
1007 2589 1114 2656 officio
1130 2614 1141 2670 3
1172 2612 1251 2655 eon-

447 2703 625 2782 ceffururn„
649 2701 854 2789 filegitinr03
877 2723 943 2767 nou
959 2685 1204 2786 permistorum,
1225 2702 1250 2767 fi

447 2815 588 2881 infinito.
633 2816 722 2891 Quid
738 2817 824 2882 eninr
838 2816 1029 2899 reprehendi
1046 2807 1169 2899 potest,
1193 2813 1251 2879 niti

447 2931 536 3013 quod
554 2928 663 3003 addis.
686 2928 785 2994 visum
808 2928 871 2995 esse
891 2927 1083 3013 quibusdam
1106 2924 1249 2993 edilium

446 3060 571 3119 ancum,
594 3039 682 3127 quafi
695 3042 838 3108 consulto
852 3044 892 3108 ad
907 3042 981 3106 istae
996 3041 1173 3125 legationes
1185 3041 1248 3105 irn-

446 3155 620 3239 pediendao
643 3153 707 3223 effe
733 3139 1043 3234 accomrnodaturn?
1086 3156 1158 3232 Jarn
1179 3176 1247 3221 non

444 3276 514 3332 tarn
534 3267 616 3333 rnihi
635 3270 789 3337 videntur
811 3268 963 3351 injuriam
985 3270 1117 3347 facere,
1146 3268 1168 3333 fi
1191 3272 1249 3354 qui

444 3381 517 3461 haee
531 3381 708 3465 disputant,
731 3403 830 3470 quarn
850 3380 873 3447 sr
893 3381 983 3467 cujus
998 3403 1093 3449 aureo
1108 3386 1149 3447 ad
1162 3383 1246 3447 hane

445 3493 692 3579 disputationem
708 3506 833 3582 patent.
870 3497 984 3565 Romae
1001 3496 1162 3583 composui
1178 3496 1248 3561 edi-

996 3608 1025 3674 G
1049 3632 1070 3689 4
