3459 4075
493 381 572 479 ἑο.

695 385 707 475 ᾗ
765 381 839 449 au
870 384 907 450 c.
939 349 1245 452 currouuu.
1366 405 1401 473 53

609 564 671 637 rit,
693 554 788 642 poffir
803 579 912 623 meum
931 560 1102 623 recordari.
1132 561 1228 625 Brevi
1243 568 1350 623 tamen
1365 560 1401 622 [ιε

607 675 747 747 habeto,
768 674 801 734 In
817 692 891 737 eum
909 670 1025 736 statum
1045 682 1226 756 temporum
1243 680 1338 737 tuum
1356 695 1401 740 re-

609 785 717 850 ditum
733 785 873 855 incidere
882 831 904 870 ,h
916 796 953 849 ut
965 787 1005 849 lis
1020 787 1130 864 bunia,
1153 807 1225 871 quae
1240 788 1298 852 tibi
1312 796 1401 850 natu·

379 914 407 934 ·
489 897 494 902 ’
609 917 664 975 ra,
678 896 799 976 studio,
812 901 942 964 fortuna
958 900 1032 963 data
1046 900 1130 976 sunt,
1143 901 1272 963 facilius
1287 901 1401 976 omnia,

379 1017 400 1069 3
477 1019 485 1054 ἑ
608 1030 682 1111 qum
697 1010 975 1095 suntampliiirma
997 1013 1031 1075 in
1054 1012 1236 1095 republica,
1258 1013 1401 1096 consequi

375 1151 397 1181 5
473 1133 499 1196 ς,
606 1122 718 1209 polire,
739 1144 837 1209 quam
851 1126 1057 1203 muneribus3
1082 1111 1219 1209 quorum
1233 1147 1341 1211 neque
1358 1128 1401 1190 f·

606 1239 764 1302 cultatem
780 1238 952 1321 quisquam
964 1239 1157 1315 admiratur,
1174 1236 1236 1320 (est
1252 1240 1338 1302 enim
1353 1260 1401 1301 co·

560 1401 564 1412 ,
607 1351 752 1434 piarum,
775 1371 842 1414 non
858 1352 1010 1431 virtutis)
1032 1372 1139 1435 neque
1160 1353 1329 1435 quisquam
1345 1352 1401 1429 est,

607 1465 687 1547 quin
707 1466 851 1528 satietate
870 1463 935 1548 jam
958 1464 1095 1531 defeffus
1120 1464 1169 1530 fil.
1216 1463 1278 1530 Sed
1297 1465 1401 1542 aliter.

361 1600 381 1618 ·
478 1641 484 1654 ‚
609 1584 708 1661 atque
732 1569 931 1643 ostenderam
944 1627 956 1658 ,
977 1582 1083 1657 facio,
1106 1569 1163 1663 qui
1186 1580 1348 1662 ingrediar
1368 1581 1401 1642 ad

607 1691 827 1773 explicandam
841 1694 999 1757 rationem
1016 1693 1178 1758 sententiae
1191 1714 1285 1758 meae.
1318 1693 1401 1767 Qua·

609 1777 646 1865 re
665 1824 791 1868 omnem
812 1805 895 1867 hanc
916 1806 1161 1889 disputationem
1178 1808 1213 1869 in
1232 1808 1401 1869 adventum

610 1922 708 1979 tuum
725 1914 849 1978 differo.
886 1915 1018 1980 Summa
1032 1918 1108 1980 scito
1123 1917 1158 1980 in
1173 1915 1401 1998 exlpediarione

609 2034 644 2093 te
661 2026 742 2105 elie,
765 2023 867 2111 eaque
887 2046 907 2092 a
926 2035 959 2091 te
976 2024 1149 2110 exspediari
1168 2073 1178 2105 ,
1201 2048 1273 2112 quae
1291 2048 1310 2092 a
1325 2028 1401 2091 sum.

606 2162 662 2208 ma
685 2144 824 2218 viuum,
846 2141 1034 2243 summoque
1052 2140 1180 2223 ingenio
1202 2139 1401 2226 euspedianda

607 2256 696 2322 sun-t:
714 2257 755 2320 ad
769 2253 878 2340 quaesr
895 2275 947 2337 ee,
959 2263 997 2318 ut
1008 2255 1122 2346 deber,
1137 2264 1288 2339 paratus,
1300 2255 1401 2338 (quod

605 2370 653 2444 ita
669 2367 731 2434 elie
753 2368 904 2454 confido)
934 2367 1082 2451 plurimis
1101 2369 1313 2453 maximisque
1333 2391 1401 2433 rnu·

580 2468 583 2479 ’
606 2473 754 2561 neribus,
776 2481 811 2548 dc
829 2503 888 2546 nos
914 2482 1053 2559 amicos,
1079 2481 1115 2547 dr
1131 2483 1218 2557 cives
1235 2493 1311 2548 tuos
1333 2483 1401 2545 uni-

605 2598 722 2674 versos,
733 2595 768 2661 &
780 2595 1011 2679 rempublicam
1027 2593 1160 2661 afficies.
1184 2595 1270 2661 lllud
1286 2615 1401 2677 cogno-

603 2707 672 2772 sces
686 2707 841 2791 profesto,
851 2709 931 2772 mihi
944 2718 978 2773 te
990 2728 1095 2790 neque
1110 2710 1284 2784 cariorem,
1300 2728 1401 2789 neque

602 2818 825 2938 iucundiorem
841 2820 904 2886 elie
921 2839 1130 2906 quemquam.

711 2991 758 3058 Μ.
781 2992 823 3059 Τ.
848 2991 884 3058 C.
912 2929 952 3060 u
977 2992 1164 3062 CVRIONI
1197 2989 1230 3057 S.
1253 2991 1296 3057 D.

832 3105 944 3186 (Anno
969 3111 1010 3176 V.
1030 3111 1064 3175 C.
1079 3108 1174 3196 ἴου).

605 3285 639 3348 4·
662 3201 1401 3356 Errsrodumvrugeneramullaessenon

603 3379 755 3475 ignetur:
777 3385 829 3450 sed
850 3407 953 3453 unum
970 3387 1049 3451 illud
1066 3384 1288 3460 certillimum‚
1311 3385 1401 3464 cujus

604 3496 697 3560 causa
715 3497 845 3565 inventa
860 3484 911 3566 re's
929 3499 997 3585 ipsa·
1011 3499 1071 3578 est,
1095 3506 1133 3564 ut
1149 3499 1309 3564 certiores
1319 3496 1401 3554 ruce-

1172 3608 1216 3670 ὒ
1239 3624 1271 3681 00
