3459 4075
447 220 490 279 60
565 201 940 278 EPISTULARVM
969 205 1071 274 LIB.
1100 206 1155 279 X.

448 393 526 457 bore
544 396 654 472 parta,
678 381 735 448 etii
750 401 770 445 a
786 391 819 446 te
833 388 964 466 propter
981 401 1135 449 amorem
1156 386 1256 453 mrim

448 505 520 571 sunt
540 500 711 575 aestimata,
726 506 833 561 tamen
846 498 898 561 vel
912 494 1127 562 inimiciffimi
1137 499 1256 583 judicio

449 624 541 679 tanta
558 614 650 690 sunt,
674 619 728 687 ut,
746 618 865 695 praeter
879 609 997 673 bonam
1011 610 1163 691 famam,
1183 612 1257 679 nihil

448 727 626 792 desidi-rere
640 727 821 789 videantur.
862 721 974 796 Quare
987 722 1053 787 hoc
1071 744 1189 791 unum
1204 726 1256 793 titt

447 839 627 926 perfui-„223
660 847 819 920 quantum
843 835 965 901 viribus
988 837 1094 915 eniti,
1125 838 1256 915 confilio

447 955 636 1039 providere,
659 948 854 1013 austeritate
875 966 1006 1014 monere
1027 960 1177 1034 potero,
1199 954 1257 1019 hor

448 1089 545 1131 omne
568 1065 751 1147 reipublicae
770 1063 891 1144 semper
904 1064 1065 1127 futurum.
1112 1064 1196 1139 Non
1215 1066 1257 1133 eii

447 1184 581 1265 ignotus
594 1178 673 1242 mihi
687 1176 789 1240 sensus
804 1184 904 1253 tuus3
924 1194 1049 1259 neque,
1064 1174 1092 1240 fi
1105 1180 1255 1259 incultae.

447 1295 599 1378 optabilis
621 1291 700 1355 mihi
725 1288 875 1374 quidem,
899 1290 949 1353 tui
964 1290 1136 1373 praesentis
1161 1292 1255 1373 effer.

448 1424 593 1487 unquam
622 1423 642 1467 a
665 1404 730 1468 tuis
756 1400 896 1466 confiliin
920 1402 1165 1486 discreparem
1194 1426 1254 1471 nec

447 1538 535 1584 nunc
561 1517 783 1593 committam,
805 1524 846 1579 ut
868 1514 973 1579 ullum
994 1535 1106 1582 meum
1133 1517 1253 1585 festum

447 1632 683 1716 reprehendere
704 1631 774 1714 jure
790 1625 897 1711 poffis.
942 1624 1021 1693 Sum
1038 1628 1073 1693 in
1090 1632 1254 1717 exspeffl·

447 1748 538 1811 tione
551 1745 695 1809 omnium
708 1762 828 1820 rerum,
838 1742 916 1827 quid
928 1742 962 1806 in
971 1740 1079 1808 Gallia
1090 1745 1253 1823 citeriore,

448 1861 526 1944 quid
550 1859 583 1922 in
600 1860 684 1924 urbe
708 1857 814 1923 mense
835 1856 989 1931 Januario
1012 1864 1169 1939 geratur,
1197 1858 1255 1943 [ut

447 1975 570 2060 sciam]
594 1973 732 2037 Interim
748 1970 922 2035 maximam
935 1970 989 2034 hic
1006 1970 1254 2038 sollicitudiuem

447 2108 623 2169 curamque
641 2085 795 2164 sustineo,
817 2105 859 2150 ne
875 2085 962 2149 inter
980 2085 1085 2150 aliena
1102 2087 1184 2153 vitia
1201 2088 1253 2152 ha

445 2208 561 2280 gentes
577 2198 681 2262 nostra
698 2200 783 2265 mala
800 2200 888 2264 suam
904 2207 1019 2283 putent
1040 2197 1253 2265 occefionen.

446 2312 544 2386 Quod
566 2310 589 2373 fi
607 2311 760 2394 proinde,
782 2321 820 2374 ut
839 2313 904 2397 ipse
919 2331 1057 2390 mereor,
1080 2311 1163 2376 mihi
1176 2311 1256 2376 sue·

446 2423 588 2499 cesserim
612 2432 701 2487 certe
715 2422 750 2488 tic
764 2424 845 2501 tibi,
867 2427 923 2490 cui
934 2426 1070 2493 maxine
1079 2421 1175 2506 cupio
1186 2465 1198 2500 ‚
1211 2421 1252 2488 &

446 2539 596 2603 omnibus
613 2537 690 2602 viris
706 2537 798 2601 bonis
818 2536 1022 2608 satisfaciam.
1047 2535 1256 2618 favebas,

445 2671 562 2739 meque
575 2658 691 2716 mutuo
708 2649 834 2732 diligas.

553 2823 788 2898 CICERO
822 2823 1068 2892 PLANCO
1106 2822 1143 2892 S.

663 2937 779 3022 (Aeno
805 2940 846 3006 V.
876 2938 1023 3023 (1510).

441 3117 474 3183 5.
497 3037 668 3169 Butes
691 3110 761 3166 ate
783 3106 896 3188 accepi
914 3104 1038 3168 litteras
1055 3103 1174 3168 eodem
1196 3124 1255 3168 ex·

441 3213 570 3294 emp103
594 3216 680 3296 quod
695 3216 797 3299 ipsum
814 3225 1003 3299 argumento
1021 3217 1103 3280 mihi
1121 3218 1189 3280 tuit
1202 3217 1258 3282 di·

439 3325 582 3414 ligentiac
599 3334 678 3392 tuae.
701 3328 846 3397 intellexi
859 3331 946 3396 enim
965 3337 1000 3398 te
1016 3329 1186 3414 labrare,
1210 3339 1256 3402 ut
