3459 4075
441 215 485 297 5⁶
559 203 1143 311 nersronrnvnn1o.x‚

448 387 566 460 miror,
588 383 619 447 dr
639 385 784 465 gnude03
806 389 904 465 teque
918 382 981 445 hoc
997 381 1186 448 existimare
1201 407 1257 451 vo·

447 502 499 575 lo,
524 498 680 582 quidquid
703 498 736 559 in
760 514 835 560 eum
859 493 968 576 judicii
990 493 1160 579 officiique
1183 519 1259 563 con·

448 613 582 686 tuleris,
605 612 637 674 id
660 610 706 671 ita
727 628 783 693 nte¹
803 608 964 691 accipere,
988 609 1079 674 utin
1100 611 1259 695 meipsum

450 731 484 795 te
504 734 614 808 potem
635 719 815 787 contulisse.

549 894 786 962 CICERO
827 893 1079 961 PLANCO
1121 892 1158 963 S.

672 1009 786 1088 (Anno
811 1008 852 1073 V.
881 1007 914 1072 C.
939 1012 1032 1091 709).

451 1194 484 1239 2.
508 1107 677 1238 Movit
702 1172 840 1236 studium
858 1171 975 1235 honori
994 1177 1051 1235 tuo
1070 1189 1131 1255 pro
1150 1146 1261 1239 neces·

450 1285 588 1352 fitudine
604 1286 709 1348 nostra
731 1306 796 1350 non
818 1283 985 1362 desniffet,
1007 1282 1032 1347 fr
1051 1293 1110 1348 tut
1126 1292 1204 1351 tuto
1222 1287 1258 1351 in
1288 1366 1291 1371 Ι

451 1399 615 1474 senatum,
639 1407 694 1463 aut
709 1397 840 1463 honeste
857 1399 967 1464 venire
981 1395 1165 1481 potuissem.
1192 1397 1259 1465 Sed

450 1530 510 1576 nec
535 1510 598 1575 fine
616 1513 760 1595 periculo
779 1513 951 1594 quisquam
974 1511 1074 1577 libere
1095 1512 1138 1577 de
1157 1532 1258 1597 repu-

449 1626 533 1690 blica
555 1626 691 1689 sentiens
706 1625 823 1688 versari
839 1623 942 1706 potest
955 1625 989 1688 in
1005 1625 1129 1691 sommo
1144 1604 1258 1710 'impu-

450 1739 553 1803 nitate
574 1740 754 1821 gladiorum
769 1761 779 1815 ;
811 1758 871 1801 neo
889 1737 1004 1802 nostroe
1022 1738 1187 1821 dignitatis
1207 1740 1258 1806 vi·

451 1852 546 1915 detur
562 1853 641 1930 effe,
663 1853 708 1915 ibi
725 1853 912 1917 sententiam
925 1854 965 1915 do
982 1852 1148 1934 republicn
1167 1853 1260 1920 dice·

450 1984 504 2041 re,
525 1967 580 2029 ubi
598 1989 647 2028 me
665 1965 700 2032 n
717 1966 834 2029 melius
852 1964 885 2030 do
904 1965 1035 2048 propius
1051 1966 1186 2030 audiant
1203 1985 1259 2032 ar·

449 2081 548 2156 mati,
572 2100 668 2161 quam
690 2082 864 2144 senatores.
911 2080 1116 2161 Quapropter
1135 2079 1170 2142 in
1188 2082 1258 2163 pri-

448 2192 533 2254 vatis
560 2198 657 2254 rebus
681 2195 807 2256 nullum
834 2213 940 2275 neque
963 2191 1126 2268 officiunt,
1147 2212 1258 2276 nequo

447 2299 586 2365 studium
617 2324 723 2365 meum
746 2303 967 2368 desiderabis:
997 2324 1038 2369 ne
1060 2304 1094 2367 in
1112 2305 1257 2385 poblieto

448 2413 597 2497 quidem,
629 2412 651 2476 sr
677 2415 756 2495 quid
781 2417 862 2490 erit,
885 2417 919 2478 in
944 2436 1007 2499 quo
1032 2437 1081 2481 rne
1102 2415 1253 2482 interesse

448 2527 571 2594 necesse
597 2528 661 2605 fit,
692 2546 830 2609 unquam
857 2530 974 2606 deero,
1007 2546 1144 2596 necnn
1164 2530 1254 2610 peri-

446 2644 519 2706 culo
538 2645 664 2726 quidem
683 2664 773 2717 meo,
797 2641 945 2723 dignitati
962 2650 1039 2710 tuae.
1076 2643 1117 2707 In
1133 2641 1174 2706 iis
1189 2660 1256 2708 nu·

445 2760 513 2819 tem
540 2760 656 2833 rebus,
688 2775 759 2839 quae
783 2756 1018 2835 nihilominus,
1048 2761 1087 2820 ut
1108 2775 1170 2840 ego
1195 2756 1255 2822 ab·

445 2865 522 2944 tim,
546 2870 661 2934 confici
685 2868 830 2953 possunt,
854 2880 927 2952 peto
949 2888 968 2932 a
989 2878 1041 2947 te,
1064 2877 1103 2933 ut
1125 2889 1179 2934 me
1198 2889 1253 2934 ra·

444 2979 566 3042 tionem
591 2986 709 3051 habere
735 2984 814 3050 velis
840 2981 1028 3064 desolatis,
1052 2982 1087 3049 δι
1108 2982 1251 3070 dignita·¹

441 3089 484 3153 tis
502 3110 594 3157 nreae.
