3459 4075
593 336 665 405 nu
699 307 1085 400 cu.nunucvu.
1202 351 1245 416 59

401 450 404 553 ἶ
470 469 1173 580 ¹ennucvscrcuuour.

666 651 782 737 (Anno
807 651 849 720 V.
876 651 909 718 C.
932 650 1022 737 710).

400 864 415 902 a
443 868 479 930 4.
503 777 854 913 Gnanrssrmnn
870 841 949 908 rnihi
961 852 1030 908 tuae
1046 845 1163 910 litterae
1175 846 1247 910 iue-
1301 922 1303 933 Ι

448 971 555 1038 runt,
584 977 666 1044 quaa
689 980 730 1025 ex
750 956 861 1022 Furnii
881 955 1024 1046 sermone
1041 967 1075 1022 te
1098 957 1244 1042 scripsrffe

445 1073 677 1163 animadvertit
700 1073 771 1155 Ego
789 1081 902 1136 autem
917 1072 1075 1154 praeteriti
1091 1075 1246 1154 temporie

446 1186 685 1258 excusationem
703 1185 821 1262 affero,
845 1185 931 1269 quod
942 1194 976 1248 te
991 1168 1175 1265 profestum
1187 1207 1247 1250 au·

447 1303 588 1378 dieram
612 1320 672 1364 nec
686 1300 788 1365 multo
809 1306 885 1362 ante
900 1295 1013 1362 rediffe
1033 1297 1126 1374 scivi,
1149 1274 1247 1381 puarn

446 1435 487 1478 en
503 1413 636 1498 epistola
650 1422 711 1478 tua
727 1410 877 1499 cognovi.
908 1408 1047 1474 Nullum
1064 1411 1200 1475 enimin
1215 1421 1248 1474 te

445 1524 609 1604 officium,
631 1547 673 1591 ne
694 1525 869 1589 minimum
892 1524 1022 1607 quidem
1029 1509 1049 1600 ,¹
1063 1522 1132 1589 fine
1146 1526 1250 1588 maxi·

444 1658 500 1704 ma
530 1641 625 1721 culpa
652 1639 763 1703 videor
793 1615 879 1719 poffe
899 1621 1087 1726 praeterire.
1124 1638 1248 1721 inquo

446 1753 574 1816 tuendo.
583 1751 687 1816 habeo
708 1748 819 1815 causas
836 1749 1008 1832 plurimas,
1033 1750 1085 1814 v‘el
1105 1758 1249 1832 paternae

447 1861 708 1938 neoeffitudinis,
731 1863 782 1926 vel
793 1882 877 1925 meae
892 1881 911 1924 a
927 1862 1065 1943 pueritia
1081 1863 1251 1927 observan-

445 1977 524 2054 tiae,
546 1975 598 2043 vel
616 1974 668 2041 tui
683 1992 760 2061 erga
775 1994 828 2038 me
843 1975 950 2041 mutui
967 1976 1096 2040 amoris.
1120 1975 1251 2055 Quare,
1327 2018 1329 2023 ·

446 2089 494 2158 mi
512 2069 644 2166 Cicero,
667 2088 755 2173 quod
776 2106 850 2152 mea
869 2071 992 2171 tuaque
1013 2090 1137 2173 patitur
1152 2099 1251 2167 aetas,
1285 2135 1290 2170 ,-

445 2202 601 2287 persuade
615 2202 694 2279 titt,
716 2208 750 2267 te
766 2221 869 2266 unum
882 2201 964 2279 effe,
985 2203 1020 2265 in
1038 2224 1102 2285 quo
1118 2224 1178 2285 ego
1195 2224 1251 2267 co·-

444 2317 541 2381 lendo
556 2316 694 2400 patriam
708 2315 789 2380 mihi
801 2314 1021 2381 constituerim
1034 2314 1249 2381 sanititatem.

447 2429 568 2495 Omnia
591 2428 691 2513 igitur
714 2437 771 2494 tua
794 2426 925 2493 contilia
946 2429 1025 2495 mihi
1053 2449 1120 2493 non
1148 2433 1252 2514 magis

446 2543 628 2627 prudentiae
645 2543 758 2628 piena,
781 2560 854 2626 quae
870 2544 992 2608 summa
1005 2541 1070 2619 est,
1088 2543 1250 2620 videntur,

447 2674 545 2737 quam
557 2653 741 2734 fidelitatis,
757 2675 856 2740 quam
869 2676 929 2738 ego
946 2677 986 2719 ex
1001 2675 1075 2719 nrea
1087 2656 1250 2728 conscien-

447 2763 649 2835 tia'metior.
692 2766 853 2842 Quarefi
883 2775 940 2832 aut
967 2768 1061 2832 aliter
1083 2768 1252 2843 sentirem,

448 2889 539 2944 oerte
557 2880 733 2944 admonitio
752 2888 809 2943 tua
833 2899 887 2944 me
906 2881 1106 2963 reprimere,
1127 2886 1208 2960 aut,
1229 2870 1259 2943 ti

448 2990 650 3072 dubitarem,
669 2993 812 3057 hortatio
833 2992 1001 3076 impellere
1016 2991 1136 3075 posset,
1159 3002 1196 3056 ut
1219 2993 1253 3057 id

407 3169 409 3173 a
447 3084 614 3187 sequerer,
636 3109 723 3191 quod
744 3115 781 3169 tu
798 3081 956 3187 optimum
975 3113 1119 3190 putares.
1155 3103 1258 3170 Nono

447 3238 524 3285 vero
542 3218 620 3303 quid
636 3219 701 3310 est,
716 3221 802 3304 quod
814 3239 867 3284 rne
881 3220 915 3284 in
932 3220 1030 3283 aliam
1047 3227 1171 3302 partem
1186 3230 1254 3284 tra·
1321 3235 1324 3241 ’

445 3333 524 3396 here
540 3329 666 3415 possiti
695 3331 912 3424 Quaecunque
929 3333 965 3396 in
983 3352 1036 3398 rne
1056 3333 1141 3397 bona
1161 3334 1253 3413 sunt,

445 3454 506 3514 aut
525 3449 663 3514 somme
685 3445 842 3515 beneficio
866 3444 1011 3544 tributa,
1035 3456 1094 3512 aot
1111 3466 1185 3512 meo
1205 3446 1254 3512 la·
1297 3440 1301 3465 ³
