3459 4075
595 371 598 379 -
671 342 673 348 ’
743 335 1224 427 ADLENTVLVna
1339 356 1384 424 μ

543 605 546 612 ,
577 524 650 592 (lor
669 516 778 584 'autem
792 517 968 595 laudarim,
990 523 1065 601 peto
1083 524 1165 594 ate,
1187 521 1225 580 ut
1238 515 1271 578 id
1284 534 1304 578 a
1317 534 1381 595 me,

581 656 668 702 neve
684 633 718 696 in
729 632 795 695 hoo
811 650 884 710 reo,
906 652 988 699 neve
1006 631 1041 695 in
1062 630 1133 694 aliis
1151 630 1317 713 requiras3
1340 647 1381 691 ne

451 767 456 776 ·
559 807 561 810 ,
581 748 646 812 tibi
662 766 721 828 ego
738 746 824 809 idem
841 763 1013 827 reponam,
1035 764 1111 807 oum
1130 743 1277 809 venenis:
1300 752 1385 806 tam·

579 858 644 939 ¹etll
659 856 779 943 polium
792 858 842 924 vel
854 858 986 922 absenti.
1010 858 1192 922 Recordare
1201 858 1303 934 enim,
1314 858 1387 940 qui-

588 976 649 1042 bus
663 971 882 1038 laudationem
891 992 931 1036 ex
943 959 1068 1037 ultimis
1076 972 1170 1039 t'erria
1186 970 1318 1035 miseris.
1328 991 1388 1035 nea

515 1151 517 1155 ,
585 1080 649 1157 hoc
669 1073 885 1172 pertinueris.
918 1104 993 1149 nam
1010 1057 1095 1149 amo
1113 1084 1179 1167 ipio
1199 1085 1387 1162 laudantur,

586 1200 623 1265 dr
639 1202 854 1265 laudabuntur
866 1200 975 1266 iidem.
999 1196 1061 1263 Sed
1075 1206 1184 1261 tamen
1197 1198 1388 1262 defendendi

586 1311 716 1380 Vatinii
737 1313 802 1378 luit
822 1314 921 1376 etiam
940 1312 997 1377 ille
1021 1312 1185 1389 stimulus,
1208 1312 1248 1376 de
1274 1330 1336 1393 quo
1354 1311 1389 1373 in

587 1426 729 1512 judicio,
751 1446 826 1489 cum
841 1427 932 1491 illum
947 1428 1171 1505 defenderem,
1195 1425 1264 1501 dixi,
1274 1446 1326 1495 me
1339 1424 1391 1487 ia-

589 1560 665 1605 eere
685 1540 860 1622 quiddam,
890 1543 981 1625 quod·
998 1542 1033 1609 in
1052 1540 1213 1624 Eunuoho
1235 1535 1390 1627 parafitua

453 1645 460 1684 ²
589 1650 738 1720 suaderet
753 1654 869 1721 militia
941 1737 945 1746 Ι
984 1726 986 1734 q

640 1766 703 1836 Ubi
716 1766 886 1831 nominabit
899 1765 1108 1845 Phaedriam,
1124 1777 1159 1832 ta
1174 1764 1370 1850 Pamphilam

640 1877 804 1942 Continuo.
809 1878 837 1962 fi
850 1865 973 1960 quando
985 1879 1039 1942 illa
1051 1877 1330 1953 dicat‚Praedriam
1342 1878 1393 1936 iaa-

629 1990 871 2073 ‚Tramittamus
884 1965 1090 2074 comiffotmn;
1111 1997 1165 2062 ta,
1178 1986 1375 2066 Pamphilam

640 2104 808 2171 Cantatum
821 2107 1035 2187 prouocemus.
1053 2102 1078 2188 fi
1091 2081 1320 2166 laudabilium

637 2220 733 2292 Illius
746 2215 902 2298 sarmatam
922 2225 958 2279 tu
972 2213 1067 2298 liujus
1079 2226 1196 2284 contra.
1219 2214 1347 2300 deniquo

639 2335 712 2399 Par
725 2322 801 2416 pari
816 2329 933 2424 referto
941 2375 951 2406 ,
974 2329 1056 2418 quad
1070 2349 1137 2394 eam
1153 2306 1303 2395 mordeat.

451 2462 453 2467 '
486 2462 489 2467 ’
525 2412 648 2527 0810
664 2447 765 2533 petivi
779 2465 797 2509 a
811 2444 993 2528 judicibus,
1017 2452 1078 2521 ut,
1094 2444 1249 2528 quoniam
1266 2447 1397 2528 quidam

593 2563 728 2628 nobiles¹
742 2559 889 2623 homines
899 2601 910 2633 ‚
933 2538 969 2623 da
989 2558 1029 2621 de
1053 2577 1105 2620 me
1127 2558 1249 2641 optime
1269 2561 1397 2636 meriti,

595 2675 691 2744 nimis
713 2678 858 2737 amarent
872 2671 1038 2735 inImieum
1055 2689 1183 2749 meum,
1205 2658 1324 2754 meque
1347 2673 1399 2733 in·-

505 2837 507 2842 ,
595 2785 758 2868 spetiante
780 2784 863 2868 saepe
883 2805 959 2848 eum
979 2785 1014 2847 in
1036 2783 1146 2848 senatu
1172 2784 1268 2847 modo
1291 2784 1400 2848 severe

598 2900 808 2973 seducerent,
826 2897 936 2960 ·modo
956 2895 1159 2962 familiariter
1178 2905 1276 2979 atque
1297 2897 1399 2962 hilare

465 3034 470 3044 ·
532 3039 534 3045 ·
599 2998 885 3094 amplexarentur,
921 3009 1140 3093 quoniamque
1169 3009 1216 3092 illl
1244 3010 1399 3075 haberent

462 3182 466 3189 .
598 3125 691 3188 suum
707 3123 875 3199 Publium
899 3124 1012 3217 darent
1029 3123 1109 3186 mihi
1126 3121 1184 3206 ipii
1199 3123 1298 3188 alium
1312 3126 1401 3190 Pub·

598 3236 698 3312 lium,
712 3236 747 3297 in
759 3255 826 3319 quo
840 3234 961 3318 possem
975 3235 1105 3300 illorum
1119 3237 1242 3301 animos
1250 3284 1261 3318 ,
1276 3240 1401 3301 medio·

474 3443 476 3445 ‚
571 3438 576 3448 ,
599 3349 696 3415 ariter
712 3345 891 3427 laceffitus,
911 3349 1027 3413 leviter
1047 3370 1238 3434 repurgare.
1283 3350 1401 3432 Neque

577 3463 699 3567 ,folum
718 3461 804 3541 diaia
825 3460 992 3552 sedetiam
1007 3464 1092 3549 saeqe
1106 3461 1401 3537 daemomonia

1188 3569 1221 3635 ‘a
1240 3581 1274 3648 ‘a
