3459 4075
439 334 485 415 φρ
555 317 930 393 errsronnnvu
963 317 1064 389 mn.
1096 322 1154 392 x,

442 506 528 592 quod
550 504 597 567 ita
614 499 747 565 meritos
761 497 970 581 judicabam
1000 498 1149 581 deinde,
1172 504 1246 591 quos

442 622 483 683 ad
498 636 607 681 omnes
620 614 710 677 casus
727 610 964 694 conjunctiores
976 612 1181 696 reipublicae
1188 616 1248 697 'effa

442 733 615 806 volebam
648 725 832 806 noviffirne,
853 736 892 792 ut
918 728 958 792 ab
982 728 1079 793 ornnl
1106 732 1252 797 omniun·

440 842 664 911 sollicitatione
689 841 813 907 aversos
835 862 893 906 eor
905 883 917 916 ,
943 839 1028 905 tales
1048 844 1151 911 vobin
1172 826 1263 931 pre-¹

443 958 527 1023 stare
543 954 677 1040 possem,
696 956 807 1038 quales
821 956 927 1020 adbuc
938 956 1089 1023 suerunt.
1112 956 1249 1025 Nond-

442 1075 508 1139 huc
536 1070 589 1135 bic
616 1069 723 1132 omnia
750 1070 876 1151 integra
895 1066 1120 1139 sustinuimus.
1167 1074 1250 1161 qnorl

445 1184 608 1250 consilium
627 1183 793 1259 nostrum,
816 1180 897 1260 etfi,
919 1188 1040 1267 quanta
1056 1180 1100 1248 fit
1116 1186 1251 1253 aviditer

443 1300 640 1373 hominum,
662 1315 727 1360 non
750 1291 815 1359 stne
838 1293 956 1373 causa,
979 1295 1057 1360 talis
1080 1296 1251 1379 vietoriae,

445 1416 530 1490 scio,
552 1423 660 1476 tamen
672 1409 763 1475 vobis
778 1409 908 1492 probari
923 1410 1023 1493 spero.
1048 1409 1130 1475 Non
1144 1414 1252 1491 enlm,

445 1527 470 1591 fi
485 1528 563 1609 quid
576 1525 610 1587 in
623 1524 674 1586 his
685 1522 880 1587 exercitibus
894 1520 933 1587 fir
944 1520 1122 1605 offensura,
1135 1544 1252 1611 tregru
1287 1563 1291 1617 1

445 1639 579 1705 subsidia
601 1635 781 1719 respublica
807 1636 906 1701 babet
929 1636 1110 1719 expedita,
1133 1642 1252 1725 quibu!

444 1753 549 1818 subito
565 1753 688 1833 impetu
706 1768 744 1813 ac
758 1749 928 1814 latrocInio
948 1750 1185 1833 parricidarum
1200 1776 1252 1821 re·

445 1866 542 1932 sistat.
572 1864 688 1947 Copias
703 1882 779 1928 vero
794 1862 917 1927 nostras
933 1872 1027 1928 notar
1040 1864 1105 1931 tibi
1120 1866 1187 1933 effe
1201 1886 1252 1933 ar·

444 1983 558 2049 bitror.
589 1981 629 2043 ln
651 1976 759 2043 castris
774 1977 856 2042 meis
871 1977 1017 2060 legiones
1034 1978 1108 2044 sunt
1124 1988 1252 2049 vetera·

446 2115 496 2159 noc
510 2104 596 2170 tres,
612 2093 756 2176 tironum
768 2093 819 2157 vel
834 2089 1134 2160 luculentissimam
1147 2097 1253 2162 omni·

446 2210 506 2272 bus
521 2227 605 2271 unat
628 2205 785 2269 incastris
800 2207 892 2271 Bruti
905 2225 971 2272 una
988 2214 1143 2274 veterana
1154 2209 1252 2293 legio,

446 2324 551 2385 altera
574 2322 686 2397 bima,
709 2316 783 2382 otto
807 2319 961 2384 tironum.
1004 2321 1057 2385 Ita
1081 2321 1253 2390 unsversue

449 2433 610 2495 exercitus
627 2450 765 2495 nurnero
783 2431 988 2517 amplissimus
1006 2429 1069 2508 est,
1090 2430 1254 2502 firmitate

447 2546 594 2627 exiguus.
641 2543 808 2617 Quantum
827 2557 938 2613 autem
953 2534 1070 2610 in'acie
1085 2543 1190 2610 tironi
1209 2547 1254 2613 sit

449 2658 734 2735 committendum,
756 2659 894 2725 nimium
908 2662 987 2744 saepe
1002 2665 1174 2742 expertum
1186 2659 1254 2727 he·

448 2778 571 2841 bemus.
591 2772 644 2835 Ad
657 2773 719 2835 hoc
734 2775 831 2838 robur
843 2777 1022 2842 nostrorum
1038 2773 1254 2856 exercituum,

449 2891 513 2955 five
528 2889 701 2953 Africanus
723 2889 906 2966 exercitus,
927 2891 983 2974 qni
999 2888 1044 2954 est
1059 2897 1235 2955 veteranus
1241 2931 1253 2967 ,

449 3005 513 3072 srve
540 3002 672 3068 Caesaris
696 3000 890 3082 accell'rffet,
920 3023 1014 3088 aequo
1040 3003 1150 3067 animo
1169 3002 1254 3066 surrr-

450 3138 537 3181 marn
567 3116 796 3198 rempublicam
828 3118 862 3181 in
890 3118 1058 3183 discrimen
1081 3117 1256 3182 deducere·

450 3251 535 3294 mus.
579 3232 757 3313 Aliquanto
779 3242 890 3297 autern
911 3231 1044 3316 propius
1063 3228 1144 3306 effe,
1169 3229 1257 3315 quod

451 3345 492 3404 nd
515 3342 671 3405 Caesarem
691 3344 827 3422 attinet,
850 3346 1063 3411 videbamus.-.
1092 3343 1182 3408 Nihil
1198 3347 1258 3409 de

451 3454 516 3521 lliti
528 3475 602 3521 eum
616 3455 737 3523 litteris·
744 3458 886 3542 hortar15
898 3479 1003 3547 neque
1015 3459 1071 3526 ille
1083 3453 1262 3524 internifit

1028 3569 1212 3652 affirmare,

1286 1379 1290 1428 l
