3459 4075
775 408 867 496 'nn
900 424 937 496 c.
961 364 1280 496 'curionum
1397 474 1399 504 ι

425 597 436 611 ”
638 601 935 687 Quare,fiiniqnur
947 622 982 667 es
994 603 1028 666 iu
1040 620 1092 666 me
1102 599 1210 685 judex,
1221 603 1397 667 condemna

511 702 513 707 Ι
623 720 752 787 ¹eodem
769 737 830 797 ego
848 724 882 781 te
897 717 1047 781 crimine:
1070 712 1114 778 fin
1130 721 1181 780 m'e
1199 717 1233 779 id
1251 721 1358 782 iacere
1380 736 1399 778 n

636 831 701 911 les,
714 841 747 897 te
761 832 841 896 mihi
854 850 987 914 aequum
1002 832 1145 913 praebere
1159 828 1297 894 debebis.
1320 827 1383 893 Sed
1398 865 1399 877 ι

634 944 754 1012 litteris
768 942 938 1009 hasienus.
967 964 1032 1007 ιιοιι
1052 944 1139 1007 enim
1156 962 1289 1021 vereor,
1312 964 1352 1007 ne
1371 964 1399 1006 m

590 1059 592 1061 ’
637 1058 800 1124 scribendo
811 1066 844 1122 te
857 1058 1022 1141 expleam
1046 1048 1219 1138 praesertim
1236 1056 1260 1120 fi
1276 1058 1309 1119 in
1323 1077 1362 1121 eo
1380 1077 1399 1138 g

635 1188 713 1237 nere
730 1170 871 1235 studium
888 1190 1000 1246 meum
1016 1188 1081 1234 non
1101 1170 1320 1253 aspernabere.
1364 1171 1399 1251 Er

509 1304 527 1325 -·
544 1354 546 1365 ,
634 1293 669 1350 te
684 1284 818 1349 abfuisse
832 1284 958 1347 tamdiu
970 1301 989 1346 a
1003 1281 1096 1347 nobis
1112 1281 1146 1347 dr
1160 1285 1265 1359 dolui,
1281 1284 1366 1366 quod
1382 1306 1398 1346 c

557 1429 559 1433 ·
632 1397 685 1462 rui
696 1394 807 1462 frbstu
817 1393 1049 1479 jucundiffimae
1059 1397 1308 1461 consuetudinis.
1330 1397 1362 1460 δι
1376 1397 1399 1460 ia

633 1519 708 1588 tor,
731 1512 817 1593 quod
832 1510 942 1574 absens
959 1509 1067 1572 omnia
1085 1530 1156 1574 curn
1177 1511 1315 1574 maxima
1330 1514 1399 1592 dign

633 1630 702 1689 tate
714 1644 750 1689 es
763 1624 951 1688 consecutus
961 1646 971 1700 ς
983 1625 1144 1706 quodque,
1158 1624 1192 1688 in
1205 1626 1351 1689 omnibus
1369 1636 1399 1688 tu

542 1822 549 1833 .
633 1739 747 1815 nebu-a,
770 1740 851 1804 meis
868 1737 986 1820 optatis
999 1737 1129 1801 fortuna
1150 1739 1320 1820 respondit.
1353 1742 1399 1804 Bn

634 1867 675 1914 ve
694 1849 755 1926 est,
778 1850 865 1933 quod
881 1870 933 1913 me
955 1847 1013 1913 tihi
1030 1848 1206 1932 praecipe're
1221 1870 1311 1916 meus
1328 1850 1399 1914 incr

632 1960 741 2025 dibilis¹
754 1961 787 2022 in
805 1969 838 2025 te
853 1981 944 2023 amor
960 1963 1058 2043 cogitr
1084 1962 1199 2025 ‘Tanta
1215 1964 1259 2026 est
1271 1962 1397 2046 eripe&

546 2084 551 2091 '
635 2077 683 2139 tio
703 2075 755 2139 vel
769 2072 886 2149 animi,
912 2074 962 2136 vei
978 2074 1099 2154 ingenii
1113 2075 1178 2150 tui,
1203 2087 1238 2138 ut
1254 2093 1314 2162 ego
1327 2088 1360 2138 te
1376 2080 1399 2139 o‘

530 2211 532 2216 ·
633 2187 756 2253 serrare
772 2185 986 2269 obtestarique
998 2207 1065 2254 non
1080 2188 1240 2264 dubitem,
1261 2185 1301 2251 fic
1318 2191 1357 2251 ad
1374 2209 1399 2252 n

631 2302 855 2367 conformatus
873 2309 1055 2377 revertare,
1078 2315 1135 2378 ut,
1158 2317 1253 2383 quam
1271 2301 1399 2385 exspesb

633 2416 755 2480 tionem
768 2416 816 2479 tui
833 2413 1000 2478 concitasti
1006 2460 1015 2491 ‚
1030 2413 1113 2478 hanc
1127 2407 1278 2480 su'stinere
1293 2435 1330 2479 ac
1345 2426 1399 2481 tue

562 2533 566 2546 “
632 2525 736 2615 posfis.
767 2529 829 2606 Et,
848 2529 1002 2612 quoniam
1020 2548 1125 2591 meam
1141 2538 1270 2593 tuorum
1288 2547 1365 2613 erga
1381 2552 1399 2594 n

565 2671 567 2676 ·
632 2645 823 2710 meritorum
840 2642 1029 2707 memoriam
1053 2642 1145 2706 nulla
1167 2661 1322 2725 umquam
1345 2640 1399 2708 del*

585 2796 605 2827 ν,
630 2753 830 2832 bitoblivio,
846 2764 880 2818 te
897 2774 995 2839 rogo,
1011 2763 1050 2819 ut
1065 2753 1267 2832 memineris,
1285 2765 1399 2836 quanto

508 2905 521 2928 .
631 2885 770 2950 cumque
786 2868 847 2931 tibi
861 2865 1051 2956 acreffiones
1068 2864 1148 2931 fient
1167 2867 1201 2932 dr
1217 2869 1373 2945 fortunae,
1396 2900 1399 2923 ι

629 2977 816 3060 dignitatis,
839 2998 895 3042 ear
908 2987 941 3044 te
955 2999 1020 3045 non
1033 2977 1170 3063 potuiffe
1186 2979 1351 3061 consequi,
1374 2985 1399 3043 ni

628 3089 710 3155 meir
720 3107 799 3174 puer
808 3087 885 3156 olim
901 3088 1087 3157 fideliiiimir
1101 3101 1198 3177 atque
1212 3089 1399 3158 amantiiiim

628 3201 770 3267 confiliir
784 3203 949 3288 paruisses.
988 3205 1097 3282 Quare
1115 3207 1177 3270 hoc
1195 3203 1353 3271 animuin
1371 3229 1399 3272 n<

629 3315 694 3381 effe
709 3317 854 3396 debebis,
864 3326 904 3384 ut
916 3325 997 3384 aetas
1007 3318 1113 3384 nostra
1124 3315 1189 3401 jam
1199 3319 1399 3402 ingravescen

562 3429 567 3446 ‘
628 3425 664 3493 in
683 3437 793 3494 amore
811 3437 908 3517 atque
925 3433 959 3497 in
977 3431 1187 3502 adolescentia
1203 3427 1261 3499 t‘ua
1278 3435 1399 3521 conquir

626 3539 706 3609 sert.
752 3536 847 3610 vua.
969 3580 972 3585 ·

839 3698 841 3702 .
1156 3652 1265 3754 *ua
