<?xml version="1.0" encoding="UTF-8"?>
<!DOCTYPE html PUBLIC "-//W3C//DTD XHTML 1.0 Transitional//EN"
    "http://www.w3.org/TR/xhtml1/DTD/xhtml1-transitional.dtd">
<html xmlns="http://www.w3.org/1999/xhtml" xml:lang="en" lang="en">
 <head>
  <title>
</title>
<meta http-equiv="Content-Type" content="text/html;charset=utf-8" />
  <meta name='ocr-system' content='tesseract 3.04.00' />
  <meta name='ocr-capabilities' content='ocr_page ocr_carea ocr_par ocr_line ocrx_word'/>
</head>
<body>
  <div class='ocr_page' id='page_1' title='image "./mtvlliiciceroni05cicegoog_0239.png"; bbox 0 0 3459 4075; ppageno 0'>
   <div class='ocr_carea' id='block_1_1' title="bbox 414 429 426 466">
    <p class='ocr_par' dir='ltr' id='par_1_1' title="bbox 414 429 426 466">
     <span class='ocr_line' id='line_1_1' title="bbox 414 429 426 466; baseline 0 0"><span class='ocrx_word' id='word_1_1' title='bbox 414 429 426 466; x_wconf 69' lang='grc' dir='ltr'><strong><em>Ι</em></strong></span> 
     </span>
    </p>
   </div>
   <div class='ocr_carea' id='block_1_2' title="bbox 615 404 1333 496">
    <p class='ocr_par' dir='ltr' id='par_1_2' title="bbox 615 400 1333 496">
     <span class='ocr_line' id='line_1_2' title="bbox 615 404 1333 496; baseline 0.003 -22"><span class='ocrx_word' id='word_1_2' title='bbox 615 407 688 475; x_wconf 81' lang='lat' dir='ltr'>An</span> <span class='ocrx_word' id='word_1_3' title='bbox 719 405 764 475; x_wconf 85' lang='lat' dir='ltr'>A.</span> <span class='ocrx_word' id='word_1_4' title='bbox 793 404 1094 475; x_wconf 74' lang='lat' dir='ltr'>cnncrunu.</span> <span class='ocrx_word' id='word_1_5' title='bbox 1149 447 1151 451; x_wconf 89' lang='lat'>-</span> <span class='ocrx_word' id='word_1_6' title='bbox 1192 427 1260 496; x_wconf 76' lang='lat'>2³⁹</span> <span class='ocrx_word' id='word_1_7' title='bbox 1331 441 1333 445; x_wconf 94' lang='lat'>-</span> 
     </span>
    </p>
   </div>
   <div class='ocr_carea' id='block_1_3' title="bbox 453 579 1293 2140">
    <p class='ocr_par' dir='ltr' id='par_1_3' title="bbox 453 579 1293 2140">
     <span class='ocr_line' id='line_1_3' title="bbox 456 579 1258 674; baseline 0.004 -23"><span class='ocrx_word' id='word_1_8' title='bbox 456 584 540 651; x_wconf 72' lang='lat' dir='ltr'>rime</span> <span class='ocrx_word' id='word_1_9' title='bbox 555 584 603 674; x_wconf 71' lang='lat' dir='ltr'>¹ad</span> <span class='ocrx_word' id='word_1_10' title='bbox 626 583 724 647; x_wconf 81' lang='lat' dir='ltr'>alieni</span> <span class='ocrx_word' id='word_1_11' title='bbox 746 581 853 648; x_wconf 86' lang='lat' dir='ltr'>sensus</span> <span class='ocrx_word' id='word_1_12' title='bbox 877 579 1120 666; x_wconf 61' lang='lat' dir='ltr'>conjecturam,</span> <span class='ocrx_word' id='word_1_13' title='bbox 1138 604 1201 650; x_wconf 92' lang='lat' dir='ltr'>non</span> <span class='ocrx_word' id='word_1_14' title='bbox 1217 589 1258 653; x_wconf 83' lang='lat' dir='ltr'>ad</span> 
     </span>
     <span class='ocr_line' id='line_1_4' title="bbox 457 671 1273 782; baseline 0.004 -18"><span class='ocrx_word' id='word_1_15' title='bbox 457 701 551 764; x_wconf 78' lang='lat' dir='ltr'>fuum</span> <span class='ocrx_word' id='word_1_16' title='bbox 568 671 722 779; x_wconf 82' lang='lat' dir='ltr'>judicium</span> <span class='ocrx_word' id='word_1_17' title='bbox 742 697 934 774; x_wconf 78' lang='lat' dir='ltr'>scribantur,</span> <span class='ocrx_word' id='word_1_18' title='bbox 957 717 1056 781; x_wconf 79' lang='lat' dir='ltr'>quern</span> <span class='ocrx_word' id='word_1_19' title='bbox 1075 698 1205 766; x_wconf 87' lang='lat' dir='ltr'>difficile</span> <span class='ocrx_word' id='word_1_20' title='bbox 1220 700 1273 782; x_wconf 74' lang='lat' dir='ltr'>fit,</span> 
     </span>
     <span class='ocr_line' id='line_1_5' title="bbox 455 785 1257 898; baseline 0.005 -21"><span class='ocrx_word' id='word_1_21' title='bbox 455 785 615 887; x_wconf 82' lang='lat' dir='ltr'>evadere,</span> <span class='ocrx_word' id='word_1_22' title='bbox 636 808 661 876; x_wconf 85' lang='lat' dir='ltr'>fi</span> <span class='ocrx_word' id='word_1_23' title='bbox 682 810 789 875; x_wconf 82' lang='lat' dir='ltr'>ninus</span> <span class='ocrx_word' id='word_1_24' title='bbox 812 813 965 894; x_wconf 74' lang='lat' dir='ltr'>expertus</span> <span class='ocrx_word' id='word_1_25' title='bbox 987 833 1038 889; x_wconf 84' lang='lat' dir='ltr'>ee,</span> <span class='ocrx_word' id='word_1_26' title='bbox 1062 815 1150 898; x_wconf 87' lang='lat' dir='ltr'>quod</span> <span class='ocrx_word' id='word_1_27' title='bbox 1167 822 1201 881; x_wconf 88' lang='lat' dir='ltr'>te</span> <span class='ocrx_word' id='word_1_28' title='bbox 1216 819 1257 881; x_wconf 80' lang='lat' dir='ltr'>ad</span> 
     </span>
     <span class='ocr_line' id='line_1_6' title="bbox 458 904 1258 1011; baseline 0.004 -21"><span class='ocrx_word' id='word_1_29' title='bbox 458 925 571 990; x_wconf 79' lang='lat' dir='ltr'>omnia</span> <span class='ocrx_word' id='word_1_30' title='bbox 591 904 754 989; x_wconf 83' lang='lat' dir='ltr'>sunununr</span> <span class='ocrx_word' id='word_1_31' title='bbox 778 933 880 1009; x_wconf 78' lang='lat' dir='ltr'>atque</span> <span class='ocrx_word' id='word_1_32' title='bbox 908 926 1069 991; x_wconf 83' lang='lat' dir='ltr'>excellens</span> <span class='ocrx_word' id='word_1_33' title='bbox 1091 928 1258 1011; x_wconf 78' lang='lat' dir='ltr'>ingeniuni</span> 
     </span>
     <span class='ocr_line' id='line_1_7' title="bbox 459 1036 1257 1130; baseline 0.004 -25"><span class='ocrx_word' id='word_1_34' title='bbox 459 1039 617 1121; x_wconf 82' lang='lat' dir='ltr'>armavit,</span> <span class='ocrx_word' id='word_1_35' title='bbox 637 1057 704 1102; x_wconf 92' lang='lat' dir='ltr'>non</span> <span class='ocrx_word' id='word_1_36' title='bbox 721 1039 886 1103; x_wconf 77' lang='lat' dir='ltr'>sentimus.</span> <span class='ocrx_word' id='word_1_37' title='bbox 910 1036 973 1103; x_wconf 89' lang='lat' dir='ltr'>Sed</span> <span class='ocrx_word' id='word_1_38' title='bbox 987 1047 1097 1130; x_wconf 81' lang='lat' dir='ltr'>temen</span> <span class='ocrx_word' id='word_1_39' title='bbox 1112 1063 1172 1125; x_wconf 82' lang='lat' dir='ltr'>ego</span> <span class='ocrx_word' id='word_1_40' title='bbox 1188 1042 1257 1108; x_wconf 87' lang='lat' dir='ltr'>filio</span> 
     </span>
     <span class='ocr_line' id='line_1_8' title="bbox 458 1139 1259 1235; baseline 0.005 -16"><span class='ocrx_word' id='word_1_41' title='bbox 458 1139 602 1219; x_wconf 77' lang='lat' dir='ltr'>dixeram</span> <span class='ocrx_word' id='word_1_42' title='bbox 608 1153 750 1232; x_wconf 82' lang='lat' dir='ltr'>,librum</span> <span class='ocrx_word' id='word_1_43' title='bbox 761 1153 821 1217; x_wconf 88' lang='lat' dir='ltr'>tibi</span> <span class='ocrx_word' id='word_1_44' title='bbox 836 1152 958 1234; x_wconf 82' lang='lat' dir='ltr'>legeret</span> <span class='ocrx_word' id='word_1_45' title='bbox 968 1150 1003 1218; x_wconf 70' lang='grc' dir='ltr'>δι</span> <span class='ocrx_word' id='word_1_46' title='bbox 1020 1157 1161 1221; x_wconf 79' lang='lat' dir='ltr'>auferret</span> <span class='ocrx_word' id='word_1_47' title='bbox 1170 1180 1181 1235; x_wconf 91' lang='lat'>;</span> <span class='ocrx_word' id='word_1_48' title='bbox 1198 1165 1259 1223; x_wconf 76' lang='lat' dir='ltr'>cut</span> 
     </span>
     <span class='ocr_line' id='line_1_9' title="bbox 457 1247 1257 1362; baseline 0.005 -30"><span class='ocrx_word' id='word_1_49' title='bbox 457 1286 498 1332; x_wconf 76' lang='lat' dir='ltr'>ea</span> <span class='ocrx_word' id='word_1_50' title='bbox 509 1247 695 1333; x_wconf 83' lang='lat' dir='ltr'>conditione</span> <span class='ocrx_word' id='word_1_51' title='bbox 707 1269 817 1343; x_wconf 81' lang='lat' dir='ltr'>daret,</span> <span class='ocrx_word' id='word_1_52' title='bbox 832 1263 855 1329; x_wconf 87' lang='lat' dir='ltr'>fi</span> <span class='ocrx_word' id='word_1_53' title='bbox 870 1266 1029 1350; x_wconf 84' lang='lat' dir='ltr'>reciperes</span> <span class='ocrx_word' id='word_1_54' title='bbox 1044 1277 1079 1334; x_wconf 89' lang='lat' dir='ltr'>te</span> <span class='ocrx_word' id='word_1_55' title='bbox 1093 1269 1257 1362; x_wconf 76' lang='lat' dir='ltr'>correttu·</span> 
     </span>
     <span class='ocr_line' id='line_1_10' title="bbox 456 1377 1257 1458; baseline 0.006 -13"><span class='ocrx_word' id='word_1_56' title='bbox 456 1401 552 1458; x_wconf 87' lang='lat' dir='ltr'>rum,·</span> <span class='ocrx_word' id='word_1_57' title='bbox 572 1381 634 1446; x_wconf 90' lang='lat' dir='ltr'>hoc</span> <span class='ocrx_word' id='word_1_58' title='bbox 653 1379 717 1458; x_wconf 88' lang='lat' dir='ltr'>est,</span> <span class='ocrx_word' id='word_1_59' title='bbox 739 1377 763 1444; x_wconf 87' lang='lat' dir='ltr'>sr</span> <span class='ocrx_word' id='word_1_60' title='bbox 780 1387 887 1445; x_wconf 82' lang='lat' dir='ltr'>toturn</span> <span class='ocrx_word' id='word_1_61' title='bbox 904 1380 1004 1445; x_wconf 83' lang='lat' dir='ltr'>alium</span> <span class='ocrx_word' id='word_1_62' title='bbox 1023 1382 1159 1448; x_wconf 71' lang='lat' dir='ltr'>faceres.</span> <span class='ocrx_word' id='word_1_63' title='bbox 1204 1385 1257 1450; x_wconf 85' lang='lat' dir='ltr'>De</span> 
     </span>
     <span class='ocr_line' id='line_1_11' title="bbox 456 1485 1257 1578; baseline 0.005 -18"><span class='ocrx_word' id='word_1_64' title='bbox 456 1485 596 1560; x_wconf 76' lang='lat' dir='ltr'>Afiotico</span> <span class='ocrx_word' id='word_1_65' title='bbox 611 1494 729 1559; x_wconf 86' lang='lat' dir='ltr'>itinere</span> <span class='ocrx_word' id='word_1_66' title='bbox 746 1539 756 1571; x_wconf 87' lang='lat'><em>,</em></span> <span class='ocrx_word' id='word_1_67' title='bbox 779 1512 977 1578; x_wconf 75' lang='lat' dir='ltr'>quamquain</span> <span class='ocrx_word' id='word_1_68' title='bbox 990 1494 1111 1560; x_wconf 79' lang='lat' dir='ltr'>summa</span> <span class='ocrx_word' id='word_1_69' title='bbox 1123 1495 1257 1564; x_wconf 74' lang='lat' dir='ltr'>necesti-</span> 
     </span>
     <span class='ocr_line' id='line_1_12' title="bbox 455 1607 1257 1695; baseline 0.012 -24"><span class='ocrx_word' id='word_1_70' title='bbox 455 1615 505 1672; x_wconf 82' lang='lat' dir='ltr'>tns</span> <span class='ocrx_word' id='word_1_71' title='bbox 517 1609 702 1693; x_wconf 79' lang='lat' dir='ltr'>premebat,</span> <span class='ocrx_word' id='word_1_72' title='bbox 715 1616 755 1674; x_wconf 94' lang='lat' dir='ltr'>ut</span> <span class='ocrx_word' id='word_1_73' title='bbox 770 1607 930 1692; x_wconf 77' lang='lat' dir='ltr'>imperasti</span> <span class='ocrx_word' id='word_1_74' title='bbox 938 1655 950 1689; x_wconf 86' lang='lat'>‚</span> <span class='ocrx_word' id='word_1_75' title='bbox 964 1610 1039 1675; x_wconf 85' lang='lat' dir='ltr'>feci.</span> <span class='ocrx_word' id='word_1_76' title='bbox 1063 1609 1119 1675; x_wconf 83' lang='lat' dir='ltr'>-Te</span> <span class='ocrx_word' id='word_1_77' title='bbox 1132 1630 1190 1695; x_wconf 91' lang='lat' dir='ltr'>pro</span> <span class='ocrx_word' id='word_1_78' title='bbox 1203 1635 1257 1682; x_wconf 78' lang='lat' dir='ltr'>rne</span> 
     </span>
     <span class='ocr_line' id='line_1_13' title="bbox 455 1720 1257 1807; baseline 0.012 -24"><span class='ocrx_word' id='word_1_79' title='bbox 455 1723 535 1806; x_wconf 85' lang='lat' dir='ltr'>quid</span> <span class='ocrx_word' id='word_1_80' title='bbox 546 1720 684 1785; x_wconf 67' lang='lat' dir='ltr'>horter?</span> <span class='ocrx_word' id='word_1_81' title='bbox 708 1722 797 1787; x_wconf 81' lang='lat' dir='ltr'>video</span> <span class='ocrx_word' id='word_1_82' title='bbox 810 1731 938 1804; x_wconf 73' lang='lat' dir='ltr'>tempus</span> <span class='ocrx_word' id='word_1_83' title='bbox 956 1720 1093 1800; x_wconf 85' lang='lat' dir='ltr'>veniffe,</span> <span class='ocrx_word' id='word_1_84' title='bbox 1116 1744 1182 1807; x_wconf 88' lang='lat' dir='ltr'>quo</span> <span class='ocrx_word' id='word_1_85' title='bbox 1198 1749 1257 1793; x_wconf 88' lang='lat' dir='ltr'>ne·</span> 
     </span>
     <span class='ocr_line' id='line_1_14' title="bbox 454 1831 1258 1912; baseline 0.005 -13"><span class='ocrx_word' id='word_1_86' title='bbox 454 1831 537 1899; x_wconf 86' lang='lat' dir='ltr'>cesse</span> <span class='ocrx_word' id='word_1_87' title='bbox 551 1832 588 1894; x_wconf 84' lang='lat' dir='ltr'>fit</span> <span class='ocrx_word' id='word_1_88' title='bbox 605 1834 646 1898; x_wconf 87' lang='lat' dir='ltr'>de</span> <span class='ocrx_word' id='word_1_89' title='bbox 660 1832 753 1895; x_wconf 70' lang='lat' dir='ltr'>noun</span> <span class='ocrx_word' id='word_1_90' title='bbox 770 1832 931 1896; x_wconf 80' lang='lat' dir='ltr'>constitui.</span> <span class='ocrx_word' id='word_1_91' title='bbox 953 1832 1045 1898; x_wconf 83' lang='lat' dir='ltr'>Nihil</span> <span class='ocrx_word' id='word_1_92' title='bbox 1058 1834 1122 1912; x_wconf 85' lang='lat' dir='ltr'>est,</span> <span class='ocrx_word' id='word_1_93' title='bbox 1141 1840 1185 1901; x_wconf 88' lang='lat' dir='ltr'>rni</span> <span class='ocrx_word' id='word_1_94' title='bbox 1203 1842 1258 1905; x_wconf 85' lang='lat' dir='ltr'>Ci-</span> 
     </span>
     <span class='ocr_line' id='line_1_15' title="bbox 453 1942 1256 2028; baseline 0.004 -15"><span class='ocrx_word' id='word_1_95' title='bbox 453 1967 547 2023; x_wconf 86' lang='lat' dir='ltr'>cero,</span> <span class='ocrx_word' id='word_1_96' title='bbox 570 1944 658 2027; x_wconf 87' lang='lat' dir='ltr'>quod</span> <span class='ocrx_word' id='word_1_97' title='bbox 678 1942 785 2011; x_wconf 86' lang='lat' dir='ltr'>filiurn</span> <span class='ocrx_word' id='word_1_98' title='bbox 803 1961 911 2007; x_wconf 88' lang='lat' dir='ltr'>meum</span> <span class='ocrx_word' id='word_1_99' title='bbox 930 1944 1104 2028; x_wconf 70' lang='lat' dir='ltr'>exspertes.</span> <span class='ocrx_word' id='word_1_100' title='bbox 1133 1950 1256 2016; x_wconf 86' lang='lat' dir='ltr'>Adole-</span> 
     </span>
     <span class='ocr_line' id='line_1_16' title="bbox 454 2056 1293 2140; baseline 0.007 -14"><span class='ocrx_word' id='word_1_101' title='bbox 454 2063 546 2127; x_wconf 82' lang='lat' dir='ltr'>scens</span> <span class='ocrx_word' id='word_1_102' title='bbox 561 2057 626 2124; x_wconf 81' lang='lat' dir='ltr'>est:</span> <span class='ocrx_word' id='word_1_103' title='bbox 650 2056 759 2122; x_wconf 78' lang='lat' dir='ltr'>omniu</span> <span class='ocrx_word' id='word_1_104' title='bbox 776 2056 980 2140; x_wconf 81' lang='lat' dir='ltr'>excogitare,</span> <span class='ocrx_word' id='word_1_105' title='bbox 999 2059 1051 2124; x_wconf 85' lang='lat' dir='ltr'>vel</span> <span class='ocrx_word' id='word_1_106' title='bbox 1066 2058 1187 2140; x_wconf 87' lang='lat' dir='ltr'>studio,</span> <span class='ocrx_word' id='word_1_107' title='bbox 1202 2065 1256 2132; x_wconf 83' lang='lat' dir='ltr'>vel</span> <span class='ocrx_word' id='word_1_108' title='bbox 1290 2056 1293 2065; x_wconf 50' lang='lat'><strong>¹</strong></span> 
     </span>
    </p>
   </div>
   <div class='ocr_carea' id='block_1_4' title="bbox 437 2168 1255 2259">
    <p class='ocr_par' dir='ltr' id='par_1_4' title="bbox 437 2168 1255 2259">
     <span class='ocr_line' id='line_1_17' title="bbox 437 2168 1255 2259; baseline 0.005 -20"><span class='ocrx_word' id='word_1_109' title='bbox 437 2203 439 2211; x_wconf 95' lang='lat'>·</span> <span class='ocrx_word' id='word_1_110' title='bbox 456 2173 730 2253; x_wconf 81' lang='lat' dir='ltr'>octate,velnetu</span> <span class='ocrx_word' id='word_1_111' title='bbox 741 2190 806 2235; x_wconf 92' lang='lat' dir='ltr'>non</span> <span class='ocrx_word' id='word_1_112' title='bbox 815 2168 928 2253; x_wconf 88' lang='lat' dir='ltr'>potest.</span> <span class='ocrx_word' id='word_1_113' title='bbox 950 2169 1075 2237; x_wconf 84' lang='lat' dir='ltr'>Totnrn</span> <span class='ocrx_word' id='word_1_114' title='bbox 1088 2178 1255 2259; x_wconf 81' lang='lat' dir='ltr'>negotium</span> 
     </span>
    </p>
   </div>
   <div class='ocr_carea' id='block_1_5' title="bbox 446 2265 1325 3626">
    <p class='ocr_par' dir='ltr' id='par_1_5' title="bbox 446 2265 1325 3626">
     <span class='ocr_line' id='line_1_18' title="bbox 453 2265 1255 2376; baseline 0.009 -24"><span class='ocrx_word' id='word_1_115' title='bbox 453 2296 493 2352; x_wconf 88' lang='lat' dir='ltr'>tu</span> <span class='ocrx_word' id='word_1_116' title='bbox 508 2286 680 2365; x_wconf 80' lang='lat' dir='ltr'>sustineus,</span> <span class='ocrx_word' id='word_1_117' title='bbox 704 2291 852 2369; x_wconf 85' lang='lat' dir='ltr'>oportet:</span> <span class='ocrx_word' id='word_1_118' title='bbox 874 2283 909 2348; x_wconf 85' lang='lat' dir='ltr'>in</span> <span class='ocrx_word' id='word_1_119' title='bbox 926 2290 960 2351; x_wconf 88' lang='lat' dir='ltr'>te</span> <span class='ocrx_word' id='word_1_120' title='bbox 972 2285 1053 2350; x_wconf 79' lang='lat' dir='ltr'>mihi</span> <span class='ocrx_word' id='word_1_121' title='bbox 1068 2265 1171 2355; x_wconf 73' lang='lat' dir='ltr'>onmis</span> <span class='ocrx_word' id='word_1_122' title='bbox 1186 2291 1255 2376; x_wconf 80' lang='lat' dir='ltr'>spes</span> 
     </span>
     <span class='ocr_line' id='line_1_19' title="bbox 452 2399 1256 2484; baseline 0.009 -18"><span class='ocrx_word' id='word_1_123' title='bbox 452 2400 510 2466; x_wconf 85' lang='lat' dir='ltr'>est&#39;.</span> <span class='ocrx_word' id='word_1_124' title='bbox 553 2399 631 2480; x_wconf 85' lang='lat' dir='ltr'>Tu,</span> <span class='ocrx_word' id='word_1_125' title='bbox 652 2420 711 2482; x_wconf 89' lang='lat' dir='ltr'>pro</span> <span class='ocrx_word' id='word_1_126' title='bbox 731 2407 790 2462; x_wconf 79' lang='lat' dir='ltr'>tuo</span> <span class='ocrx_word' id='word_1_127' title='bbox 808 2399 997 2482; x_wconf 74' lang='lat' dir='ltr'>prudentio,</span> <span class='ocrx_word' id='word_1_128' title='bbox 1020 2401 1135 2484; x_wconf 82' lang='lat' dir='ltr'>quibus</span> <span class='ocrx_word' id='word_1_129' title='bbox 1158 2408 1256 2473; x_wconf 77' lang='lat' dir='ltr'>rebus</span> 
     </span>
     <span class='ocr_line' id='line_1_20' title="bbox 452 2510 1255 2598; baseline 0.012 -22"><span class='ocrx_word' id='word_1_130' title='bbox 452 2516 607 2598; x_wconf 78' lang='lat' dir='ltr'>gaudeat,</span> <span class='ocrx_word' id='word_1_131' title='bbox 621 2513 738 2596; x_wconf 84' lang='lat' dir='ltr'>quibus</span> <span class='ocrx_word' id='word_1_132' title='bbox 754 2513 902 2596; x_wconf 79' lang='lat' dir='ltr'>capiatur</span> <span class='ocrx_word' id='word_1_133' title='bbox 918 2510 1041 2593; x_wconf 79' lang='lat' dir='ltr'>Caesar,</span> <span class='ocrx_word' id='word_1_134' title='bbox 1057 2522 1166 2583; x_wconf 76' lang='lat' dir='ltr'>teneor</span> <span class='ocrx_word' id='word_1_135' title='bbox 1189 2531 1255 2587; x_wconf 80' lang='lat' dir='ltr'>nte</span> 
     </span>
     <span class='ocr_line' id='line_1_21' title="bbox 452 2624 1325 2721; baseline 0.008 -28"><span class='ocrx_word' id='word_1_136' title='bbox 452 2629 561 2693; x_wconf 74' lang='lat' dir='ltr'>omnin</span> <span class='ocrx_word' id='word_1_137' title='bbox 575 2626 846 2711; x_wconf 75' lang='lat' dir='ltr'>profisciscuntur,</span> <span class='ocrx_word' id='word_1_138' title='bbox 861 2624 905 2716; x_wconf 11' lang='lat' dir='ltr'>y&amp;</span> <span class='ocrx_word' id='word_1_139' title='bbox 926 2644 984 2711; x_wconf 91' lang='lat' dir='ltr'>per</span> <span class='ocrx_word' id='word_1_140' title='bbox 1004 2635 1038 2692; x_wconf 89' lang='lat' dir='ltr'>te</span> <span class='ocrx_word' id='word_1_141' title='bbox 1061 2630 1102 2693; x_wconf 80' lang='lat' dir='ltr'>ad</span> <span class='ocrx_word' id='word_1_142' title='bbox 1126 2633 1252 2700; x_wconf 83' lang='lat' dir='ltr'>exitum</span> <span class='ocrx_word' id='word_1_143' title='bbox 1323 2717 1325 2721; x_wconf 89' lang='lat'>.</span> 
     </span>
     <span class='ocr_line' id='line_1_22' title="bbox 449 2738 1256 2824; baseline 0.009 -20"><span class='ocrx_word' id='word_1_144' title='bbox 449 2744 692 2824; x_wconf 77' lang='lat' dir='ltr'>perducantur,</span> <span class='ocrx_word' id='word_1_145' title='bbox 714 2738 838 2806; x_wconf 81' lang='lat' dir='ltr'>neceffe</span> <span class='ocrx_word' id='word_1_146' title='bbox 854 2739 912 2813; x_wconf 78' lang='lat' dir='ltr'>est.</span> <span class='ocrx_word' id='word_1_147' title='bbox 945 2741 1031 2824; x_wconf 79' lang='lat' dir='ltr'>apud</span> <span class='ocrx_word' id='word_1_148' title='bbox 1047 2741 1148 2823; x_wconf 83' lang='lat' dir='ltr'>ipsum</span> <span class='ocrx_word' id='word_1_149' title='bbox 1169 2749 1256 2819; x_wconf 54' lang='lat' dir='ltr'>muts</span> 
     </span>
     <span class='ocr_line' id='line_1_23' title="bbox 447 2854 1253 2939; baseline 0.009 -21"><span class='ocrx_word' id='word_1_150' title='bbox 447 2863 530 2932; x_wconf 86' lang='lat' dir='ltr'>turn,</span> <span class='ocrx_word' id='word_1_151' title='bbox 540 2856 625 2939; x_wconf 72' lang='lat' dir='ltr'>apud</span> <span class='ocrx_word' id='word_1_152' title='bbox 637 2854 705 2938; x_wconf 86' lang='lat' dir='ltr'>ejus</span> <span class='ocrx_word' id='word_1_153' title='bbox 715 2874 827 2922; x_wconf 76' lang='lat' dir='ltr'>omnen</span> <span class='ocrx_word' id='word_1_154' title='bbox 836 2855 1011 2939; x_wconf 79' lang='lat' dir='ltr'>plurimum</span> <span class='ocrx_word' id='word_1_155' title='bbox 1023 2863 1129 2938; x_wconf 90' lang='lat' dir='ltr'>potes.</span> <span class='ocrx_word' id='word_1_156' title='bbox 1144 2856 1253 2925; x_wconf 85' lang='lat' dir='ltr'>Unum</span> 
     </span>
     <span class='ocr_line' id='line_1_24' title="bbox 449 2966 1255 3054; baseline 0.001 -19"><span class='ocrx_word' id='word_1_157' title='bbox 449 2968 512 3035; x_wconf 85' lang='lat' dir='ltr'>tihi</span> <span class='ocrx_word' id='word_1_158' title='bbox 522 2967 547 3032; x_wconf 88' lang='lat' dir='ltr'>fi</span> <span class='ocrx_word' id='word_1_159' title='bbox 558 2967 762 3054; x_wconf 76' lang='lat' dir='ltr'>persuaseris,</span> <span class='ocrx_word' id='word_1_160' title='bbox 785 2968 929 3034; x_wconf 88' lang='lat' dir='ltr'>non-hoc</span> <span class='ocrx_word' id='word_1_161' title='bbox 945 2966 1008 3033; x_wconf 84' lang='lat' dir='ltr'>effe</span> <span class='ocrx_word' id='word_1_162' title='bbox 1022 2969 1073 3031; x_wconf 87' lang='lat' dir='ltr'>tui</span> <span class='ocrx_word' id='word_1_163' title='bbox 1090 2971 1255 3051; x_wconf 75' lang='lat' dir='ltr'>muneris,</span> 
     </span>
     <span class='ocr_line' id='line_1_25' title="bbox 448 3070 1255 3170; baseline 0.006 -23"><span class='ocrx_word' id='word_1_164' title='bbox 448 3080 474 3147; x_wconf 80' lang='lat' dir='ltr'><strong>fi</strong></span> <span class='ocrx_word' id='word_1_165' title='bbox 488 3083 565 3166; x_wconf 86' lang='lat' dir='ltr'>quid</span> <span class='ocrx_word' id='word_1_166' title='bbox 578 3091 714 3168; x_wconf 80' lang='lat' dir='ltr'>rogatus</span> <span class='ocrx_word' id='word_1_167' title='bbox 729 3083 847 3160; x_wconf 78' lang='lat' dir='ltr'>fueris,</span> <span class='ocrx_word' id='word_1_168' title='bbox 860 3088 899 3146; x_wconf 90' lang='lat' dir='ltr'>ut</span> <span class='ocrx_word' id='word_1_169' title='bbox 911 3082 1024 3159; x_wconf 80' lang='lat' dir='ltr'>faciae,</span> <span class='ocrx_word' id='word_1_170' title='bbox 1041 3070 1255 3170; x_wconf 72' lang='lat' dir='ltr'>(quemquern</span> 
     </span>
     <span class='ocr_line' id='line_1_26' title="bbox 447 3193 1253 3280; baseline 0.007 -20"><span class='ocrx_word' id='word_1_171' title='bbox 447 3196 483 3260; x_wconf 86' lang='lat' dir='ltr'>id</span> <span class='ocrx_word' id='word_1_172' title='bbox 496 3215 651 3280; x_wconf 73' lang='lat' dir='ltr'>magnum</span> <span class='ocrx_word' id='word_1_173' title='bbox 664 3196 699 3263; x_wconf 70' lang='grc' dir='ltr'>ἃ</span> <span class='ocrx_word' id='word_1_174' title='bbox 714 3197 857 3280; x_wconf 81' lang='lat' dir='ltr'>amplum</span> <span class='ocrx_word' id='word_1_175' title='bbox 874 3193 949 3280; x_wconf 84' lang='lat' dir='ltr'>est,)</span> <span class='ocrx_word' id='word_1_176' title='bbox 965 3194 1018 3261; x_wconf 82' lang='lat' dir='ltr'>sed</span> <span class='ocrx_word' id='word_1_177' title='bbox 1033 3202 1141 3264; x_wconf 85' lang='lat' dir='ltr'>toturn</span> <span class='ocrx_word' id='word_1_178' title='bbox 1157 3207 1253 3266; x_wconf 83' lang='lat' dir='ltr'>tunm</span> 
     </span>
     <span class='ocr_line' id='line_1_27' title="bbox 448 3302 1254 3393; baseline 0.012 -21"><span class='ocrx_word' id='word_1_179' title='bbox 448 3306 511 3373; x_wconf 83' lang='lat' dir='ltr'>effe</span> <span class='ocrx_word' id='word_1_180' title='bbox 527 3328 627 3386; x_wconf 86' lang='lat' dir='ltr'>onus,</span> <span class='ocrx_word' id='word_1_181' title='bbox 645 3309 805 3393; x_wconf 83' lang='lat' dir='ltr'>perficies.</span> <span class='ocrx_word' id='word_1_182' title='bbox 828 3305 887 3373; x_wconf 73' lang='lat' dir='ltr'>nisi</span> <span class='ocrx_word' id='word_1_183' title='bbox 901 3310 986 3376; x_wconf 82' lang='lat' dir='ltr'>forte</span> <span class='ocrx_word' id='word_1_184' title='bbox 1001 3302 1061 3378; x_wconf 70' lang='lat' dir='ltr'>unt</span> <span class='ocrx_word' id='word_1_185' title='bbox 1075 3311 1110 3376; x_wconf 90' lang='lat' dir='ltr'>in</span> <span class='ocrx_word' id='word_1_186' title='bbox 1128 3315 1254 3382; x_wconf 76' lang='lat' dir='ltr'>miserie</span> 
     </span>
     <span class='ocr_line' id='line_1_28' title="bbox 447 3421 1256 3513; baseline 0.01 -26"><span class='ocrx_word' id='word_1_187' title='bbox 447 3421 545 3487; x_wconf 81' lang='lat' dir='ltr'>nimir</span> <span class='ocrx_word' id='word_1_188' title='bbox 561 3422 675 3500; x_wconf 88' lang='lat' dir='ltr'>stulte,</span> <span class='ocrx_word' id='word_1_189' title='bbox 697 3432 754 3488; x_wconf 83' lang='lat' dir='ltr'>aut</span> <span class='ocrx_word' id='word_1_190' title='bbox 766 3425 801 3488; x_wconf 89' lang='lat' dir='ltr'>in</span> <span class='ocrx_word' id='word_1_191' title='bbox 817 3422 961 3489; x_wconf 78' lang='lat' dir='ltr'>amicitie</span> <span class='ocrx_word' id='word_1_192' title='bbox 974 3427 1070 3492; x_wconf 79' lang='lat' dir='ltr'>nimis</span> <span class='ocrx_word' id='word_1_193' title='bbox 1083 3423 1256 3513; x_wconf 85' lang='lat' dir='ltr'>impuden-</span> 
     </span>
     <span class='ocr_line' id='line_1_29' title="bbox 446 3535 1264 3626; baseline 0 -26"><span class='ocrx_word' id='word_1_194' title='bbox 446 3545 499 3600; x_wconf 89' lang='lat' dir='ltr'>ter</span> <span class='ocrx_word' id='word_1_195' title='bbox 516 3536 576 3602; x_wconf 90' lang='lat' dir='ltr'>tibi</span> <span class='ocrx_word' id='word_1_196' title='bbox 591 3555 672 3601; x_wconf 81' lang='lat' dir='ltr'>onur</span> <span class='ocrx_word' id='word_1_197' title='bbox 690 3537 831 3622; x_wconf 84' lang='lat' dir='ltr'>impono.</span> <span class='ocrx_word' id='word_1_198' title='bbox 861 3535 926 3605; x_wconf 88' lang='lat' dir='ltr'>Sed</span> <span class='ocrx_word' id='word_1_199' title='bbox 944 3541 1083 3626; x_wconf 80' lang='lat' dir='ltr'>utrique.</span> <span class='ocrx_word' id='word_1_200' title='bbox 1093 3543 1145 3605; x_wconf 86' lang='lat' dir='ltr'>rei</span> <span class='ocrx_word' id='word_1_201' title='bbox 1157 3560 1264 3606; x_wconf 69' lang='lat' dir='ltr'>excu-</span> 
     </span>
    </p>
   </div>
   <div class='ocr_carea' id='block_1_6' title="bbox 0 0 1734 4075">
    <p class='ocr_par' dir='ltr' id='par_1_6' title="bbox 0 0 1734 4075">
     <span class='ocr_line' id='line_1_30' title="bbox 0 0 1734 4075; baseline 0 3"><span class='ocrx_word' id='word_1_202' title='bbox 0 0 1734 4075; x_wconf 95' lang='lat' dir='ltr'> </span> 
     </span>
    </p>
   </div>
  </div>
 </body>
</html>
