3459 4075
422 311 438 438 s
534 332 604 398 no
636 326 895 398 rapuerunt
929 308 1181 397 muron.-
1211 348 1253 414 51

422 507 577 591 'ipotiosr
599 503 643 569 fic
660 479 747 583 enirn
763 503 888 588 antiqui
904 504 1132 586 loquebantur.
1171 504 1253 570 Cum
1318 498 1321 503 ’

422 621 493 688 ΡΜ.
513 620 610 683 Fabio
629 617 740 702 (quod
756 617 833 681 scire
847 629 879 681 te
894 618 1046 696 arbitror)
1069 619 1148 682 mihi
1165 620 1252 684 sum·

422 739 524 797 ‘mus
548 732 623 795 usus
648 729 714 809 est;¹
746 731 905 812 valdeque
929 750 1005 794 eum
1028 729 1145 814 diligo,
1175 753 1251 798 cum

448 853 583 929 propter
597 845 751 909 summam
768 844 960 929 probitatem
971 843 1066 928 ejus,
1091 866 1129 909 ac
1144 843 1252 931 fingo·

446 960 551 1023 larem
570 954 869 1036 modestiamtum
892 960 978 1042 quod
998 960 1031 1023 in
1045 946 1096 1022 hie
1118 968 1249 1025 contro-
1340 1015 1343 1024 ,

446 1070 577 1149 verbis,
600 1090 678 1156 ques
697 1073 802 1138 babeo
823 1090 897 1135 curu
918 1070 987 1135 tuis
1006 1073 1248 1140 combibonibus

445 1184 633 1268 Epicureis,
656 1185 778 1269 optima
797 1204 895 1268 opera
913 1184 982 1266 ejus
1003 1184 1167 1270 utisoleo.
1211 1187 1266 1275 Ie,

446 1318 524 1363 cum
539 1300 583 1364 ad
598 1319 650 1362 me
666 1289 859 1362 Laodiceam
883 1277 1033 1377 venisset,
1045 1352 1047 1357 ,
1057 1314 1248 1383 mecumque
1344 1278 1349 1296 ⁸

445 1432 507 1495 ego
529 1432 604 1490 euna
624 1411 687 1477 esse
705 1402 853 1487 vellem,
866 1421 999 1493 repente
1019 1409 1181 1495 percussus
1204 1408 1249 1476 est

446 1523 646 1590 atrociffimis
664 1526 801 1601 litteris,
817 1525 852 1588 in
869 1525 984 1610 quibus
999 1524 1153 1607 scripturn.
1165 1534 1246 1604 erat,

444 1639 584 1706 {undum
597 1638 871 1703 Herculanensem
889 1657 909 1702 a
929 1637 971 1712 Q.
990 1635 1104 1714 Fabio,
1126 1639 1246 1715 fratre,

445 1749 663 1834 proscriptum
683 1750 766 1828 effe,
790 1752 847 1832 qui
868 1749 987 1815 sundus
1007 1767 1082 1815 cunr
1097 1771 1136 1817 eo
1158 1770 1247 1813 com·
1268 1732 1270 1737 Α

446 1859 556 1928 munis
571 1859 659 1926 effet.
690 1864 729 1928 ld
747 1862 792 1928 M.
807 1861 925 1928 Fabius
940 1863 1138 1945 pergraviter
1150 1863 1245 1938 tulit3

445 1973 723 2061 existimavitque,
737 1977 869 2042 fratrem
883 1976 989 2053 suurn,
1006 1976 1167 2052 bominem
1182 1995 1248 2040 non
1292 1958 1294 1963 ¹

445 2081 646 2174 sapientem,
667 2090 805 2173 impulsu
823 2090 1030 2162 inimicorum
1053 2089 1182 2154 suorum
1205 2111 1246 2155 eo

445 2200 645 2287 progressum
669 2202 744 2269 effe.
791 2202 910 2280 Nunc,
939 2199 962 2266 fi
988 2224 1041 2269 me
1063 2220 1171 2281 amas,
1200 2203 1247 2269 rni

423 2305 430 2316 '⁴
446 2317 564 2395 Paete,
585 2318 755 2401 negotium
770 2324 874 2381 toturn
895 2316 1031 2402 suscipe,
1054 2315 1089 2382 dr
1104 2317 1248 2384 molestia

443 2422 580 2514 Fabium
598 2431 711 2497 libera.
743 2428 952 2497 Austoritate
973 2440 1031 2496 tua
1051 2431 1143 2496 nobis
1163 2451 1245 2514 opus

444 2542 508 2620 est,
531 2542 565 2607 dr
583 2544 735 2623 coufilio,
758 2543 792 2610 δι
807 2547 903 2609 etiam
929 2547 1045 2628 gratia,
1080 2542 1157 2608 Noli
1178 2544 1246 2626 pati
1377 2608 1380 2613 .

443 2654 739 2736 litigare'sratres,
767 2656 803 2723 dr
831 2658 960 2740 judiciis
991 2651 1246 2739 turpibuscon·
1290 2736 1292 2739 Ι

443 2763 574 2831 nictari.
595 2767 759 2833 Matonem
776 2768 1005 2833 &Pollionem
1022 2755 1170 2831 inimicos
1186 2766 1246 2830 ba·

445 2881 501 2946 bet
520 2877 650 2945 Fabius.
696 2880 783 2955 Quid
805 2878 942 2946 multa?
973 2898 1039 2943 non
1063 2879 1246 2947 mehercule

445 3005 515 3058 tam
532 2992 725 3079 perscribere
745 2991 886 3075 poffum,
909 3011 1006 3076 quam
1021 2991 1100 3055 mihi
1116 2999 1245 3072 gratum

446 3108 581 3185 seceris,
605 3104 629 3169 sr
654 3106 790 3170 otiosum
814 3102 946 3170 Fabium
974 3103 1161 3171 reddideris.
1206 3107 1246 3173 Id

446 3220 502 3285 ille
526 3221 560 3284 in
579 3227 613 3285 te
635 3218 772 3304 positum
795 3217 858 3285 effe
872 3227 986 3304 putat,
1009 3205 1153 3305 inibique
1173 3239 1246 3304 per-

446 3331 568 3401 suadet.

969 3526 1075 3630 ue
