3459 4075
478 372 522 444 68
597 364 969 436 EPISTOLARVM
998 369 1096 440 nm.
1123 370 1168 439 X.

479 563 566 609 mue.
610 541 768 626 Legiones
788 540 892 609 habeo
915 565 941 610 v
959 542 1015 609 sub
1035 541 1150 628 figulo,
1174 544 1208 611 bc
1223 546 1282 616 sun

478 656 543 722 fide
559 655 743 739 virtuteque
756 657 938 741 reipublice
953 655 1284 741 conjunctimque&

479 772 586 847 nostre
608 770 805 836 liberalitate
817 769 920 852 ,nobie
943 769 1175 857 obsequentes:
1203 793 1283 858 pro·

480 886 636 959 vinciam,
653 883 798 948 omniurn
811 884 978 947 civitatum
994 884 1162 963 consensu,
1184 905 1284 972 parn-

478 995 636 1075 tiffimam,
646 996 680 1061 δι
690 996 808 1060 summa
821 998 1027 1062 contentione
1035 1001 1077 1063 erl
1089 986 1198 1064 officia
1209 1020 1284 1068 cer·

479 1121 604 1176 tentem
617 1131 626 1173 r
647 1112 815 1194 equitatus
828 1110 1088 1197 auxiliorumque
1101 1120 1208 1179 tantae
1223 1134 1284 1179 co·

476 1228 557 1308 pias,
567 1232 704 1307 quantas
714 1223 765 1286 hae
773 1230 885 1305 gentes
895 1225 936 1287 ad
946 1225 1181 1291 defendendam
1190 1226 1282 1294 snam

477 1339 610 1404 salutem
623 1338 870 1419 libertatemque
885 1335 1045 1420 conficere
1058 1337 1198 1425 poliunt.
1208 1341 1282 1425 Ipse

475 1454 523 1518 ita
534 1454 598 1515 sum
609 1450 715 1514 animo
728 1456 873 1533 paratus,
883 1457 919 1515 ut
931 1453 983 1517 vel
994 1453 1193 1535 provinciam
1203 1460 1282 1520 tue·

477 1570 523 1644 ri,
539 1567 666 1641 volite,
681 1584 747 1649 quo
761 1563 942 1646 respublica
956 1573 1067 1644 vocet,
1084 1567 1137 1633 vel
1148 1567 1280 1632 tradere

475 1677 1280 1762 exercitum,auxilia‚provinciamque,vclomnem

475 1799 634 1879 impeturn
647 1792 724 1856 belli
734 1790 768 1853 in
781 1809 835 1856 ure
848 1798 1035 1857 convertere
1047 1812 1113 1859 non
1122 1793 1278 1872 recusem,

476 1909 610 1975 simodo
629 1924 702 1971 meo
720 1903 794 1968 casu
811 1910 870 1968 aut
890 1903 1081 1974 confirmare
1095 1906 1208 2000 patriae
1227 1907 1278 1972 s..

474 2025 576 2089 lutem
585 2067 594 2100 ,
610 2027 666 2084 aut
681 2018 861 2099 periculum
876 2015 987 2102 poffirn
1002 2020 1133 2086 morari.
1156 2018 1277 2087 Haecfi

472 2137 541 2221 jem
561 2132 718 2219 expeditis
731 2132 880 2196 omnibus
898 2132 1012 2211 rebor,
1034 2133 1279 2219 tranquilloque

472 2249 559 2315 statu
576 2244 715 2310 civitatis
730 2243 904 2328 polliceor3
928 2246 1091 2312 indemne
1107 2264 1189 2312 meae
1203 2249 1276 2313 lau·

474 2363 543 2435 dis,
558 2358 739 2442 reipublicae
753 2358 923 2426 commodo
938 2357 1087 2427 laetabor.
1108 2358 1155 2424 lin
1171 2361 1212 2424 ad
1225 2359 1276 2424 lo·

473 2474 627 2537 cietotem
643 2471 924 2553 integerrimorum
939 2467 974 2536 ἃ
988 2471 1200 2537 maelmonum
1216 2491 1276 2554 pe-

472 2586 651 2652 riculorum
667 2584 834 2662 accedam3
845 2583 973 2649 contilia
986 2604 1057 2649 mee
1069 2582 1172 2667 equis
1184 2581 1274 2663 judi·

471 2701 562 2766 cibus
575 2700 614 2763 ab
629 2693 862 2764 obtrettarione
874 2697 1057 2765 invidorum
1071 2695 1272 2762 defendenda

470 2813 672 2880 commendo.
685 2811 765 2877 lllihi
778 2811 912 2895 quidem
926 2808 983 2894 ipfi
996 2807 1123 2881 fructur
1138 2811 1274 2881 merito-

471 2946 544 2992 rum
564 2945 713 2996 meorum
726 2925 760 2997 in
779 2924 967 3007 reipublicae
983 2923 1207 2991 incolumitate
1222 2924 1272 2990 sn·

468 3042 512 3103 tls
527 3058 663 3122 magnus
677 3036 721 3102 est
737 3047 882 3120 paratus.
908 3037 974 3102 Eos
986 3056 1076 3115 vero,
1086 3038 1270 3121 quimorem

469 3152 696 3218 nuttoritotern
718 3149 753 3215 ὅτ
769 3151 874 3217 multo
896 3150 999 3234 magle
1019 3149 1155 3219 vestrum
1172 3150 1270 3216 fidem

466 3264 581 3339 secuti,
594 3283 654 3326 nec
668 3263 735 3329 ulla
744 3262 797 3348 spe
807 3262 911 3346 decipi
916 3308 927 3343 ,
940 3282 1001 3327 nee
1013 3264 1082 3333 ullo
1096 3271 1187 3329 metu
1199 3271 1270 3325 ter·

466 3377 530 3441 reri
553 3381 749 3460 potuerunt,
772 3384 809 3442 ut
828 3377 1073 3450 commendatos
1097 3375 1187 3444 vobis
1207 3374 1268 3441 ho·
1328 3384 1332 3395 ·

464 3490 586 3574 boetio,
609 3487 785 3592 petendum,
801 3489 940 3585 videtur,
