3459 4075
423 276 425 280 ⁵
543 338 615 407 ro.
643 335 898 430 pru-rurum
931 332 1156 405 rrurvu.
1207 352 1252 419 37

457 514 562 591 licet3
585 520 678 595 opto,
700 518 738 580 ut
758 510 878 595 semper
898 511 1004 577 licent.
1036 508 1073 576 Si
1093 511 1126 576 id
1143 508 1251 575 minus

459 625 654 707 contigerit3
682 632 811 700 tamen,
833 627 961 707 quando
981 646 1041 710 ego
1065 624 1115 691 vir
1138 624 1252 701 fortis,

457 740 611 821 idemque
627 736 831 822 philosophus
841 781 852 814 ,
874 739 982 805 vivere
999 737 1249 822 pulcherrimum
1277 747 1280 754 '

458 849 558 926 duxi,
578 867 644 915 nou
662 847 782 933 pofl'um
803 868 877 914 eum
900 871 966 916 non
985 852 1134 935 diligere,
1157 848 1251 931 cuju·

458 961 616 1029 beneficio
639 963 672 1027 id
694 963 882 1030 consecutus
904 964 982 1028 sum.
1017 962 1116 1048 quisi
1141 962 1249 1046 cupiat

434 1073 523 1140 1esse
546 1074 799 1159 rempublicam,
828 1078 957 1162 qualem
980 1074 1108 1143 fortaffe
1137 1073 1171 1140 δι
1192 1074 1251 1141 illo
1339 1095 1342 1104 ·

403 1268 410 1278 ,
456 1186 495 1254 dr
515 1207 625 1255 omuer
647 1197 761 1271 optare
782 1190 956 1267 debemue3
977 1189 1056 1274 quid
1077 1188 1175 1253 iaciat
1198 1194 1249 1253 to·

457 1321 615 1379 memnon
628 1302 725 1368 habet
736 1321 746 1365 r
759 1302 806 1365 ita
818 1300 848 1366 ie
860 1322 937 1367 cum
952 1302 1060 1396 multis
1075 1301 1247 1385 colligavit.

457 1412 520 1479 Sed
542 1403 885 1498 lougiur'progredior.
915 1414 1016 1479 scribo
1036 1414 1123 1480 euim
1142 1414 1183 1478 ad
1202 1422 1249 1480 te.

449 1526 530 1606 ¹Hoc
546 1536 655 1592 tumen
670 1527 769 1603 scito,
788 1546 854 1591 nou
871 1529 968 1592 modo
982 1547 1052 1603 me,
1076 1528 1134 1612 qui
1149 1524 1250 1592 confi·

454 1640 508 1705 liis
525 1660 590 1705 uon
603 1637 767 1714 intersum,
777 1636 828 1705 sed
843 1660 887 1717 ne
902 1641 1003 1723 ipsum
1016 1641 1144 1723 quidem
1159 1640 1250 1724 priu-

457 1751 559 1831 oipem
575 1749 672 1826 scire,
690 1751 768 1831 quid
783 1752 929 1822 futurum
945 1750 995 1815 fit.
1018 1751 1087 1817 Nou
1100 1752 1184 1816 enim
1201 1751 1249 1816 illi

454 1860 628 1939 fervidum
650 1860 716 1943 ipse
727 1862 938 1945 temporibus.
958 1865 1007 1928 ita
1020 1883 1080 1928 nec
1094 1864 1160 1940 ille,
1172 1863 1250 1946 quid

453 1981 600 2058 tempora
615 1970 812 2057 postulatura
825 1971 907 2054 fiut,
927 1996 989 2042 neu
1001 1993 1079 2054 nos,
1101 1976 1176 2059 quid
1190 1974 1249 2044 ille

454 2087 594 2171 cogitet,
616 2085 693 2151 scire
707 2085 885 2170 poffumus.
906 2089 989 2154 Haeo
1004 2091 1063 2155 tibi
1075 2097 1169 2154 autea
1181 2107 1248 2155 non

453 2197 610 2283 rescriptio
630 2218 697 2265 non
713 2219 779 2285 quo
792 2200 926 2267 cessator
938 2201 1000 2268 effe
1011 2203 1156 2281 solerem,
1163 2223 1248 2288 prae·

450 2313 557 2380 sertim
570 2313 605 2379 iu
617 2313 754 2398 littert03
772 2313 824 2380 sed
843 2335 919 2381 oum
930 2311 1089 2400 explorati
1097 2317 1176 2382 nibil
1189 2317 1249 2382 ho·

450 2426 577 2505 berem,
586 2447 646 2494 neo
658 2426 720 2493 tibi
734 2428 979 2496 sollicitudiuem
991 2453 1032 2497 ex
1047 2430 1249 2497 dubitatione

447 2559 525 2612 ,mea
533 2585 543 2617 ,
565 2560 625 2605 nec
636 2541 721 2623 spem
733 2564 773 2608 ex
784 2541 999 2610 affirmatione
1013 2543 1128 2611 offerre
1143 2544 1246 2613 vorot.

441 2651 541 2721 ,Illud
556 2661 665 2717 tomen
681 2654 870 2734 adscribam,
885 2659 972 2739 quod
983 2655 1029 2722 est
1041 2636 1249 2732 veriffimum,

453 2780 506 2824 me
518 2761 569 2824 his
583 2763 781 2843 temporibus
796 2763 900 2831 adbuc
910 2769 951 2832 de
965 2765 1023 2830 isto
1035 2767 1180 2850 perteulo
1196 2767 1247 2830 ut·

451 2873 501 2940 uit
515 2870 651 2957 uudiiie,
685 2871 743 2937 Tu
756 2881 865 2940 tomen
878 2896 935 2958 pro
952 2884 1011 2941 tua
1025 2865 1176 2959 sapientia
1191 2878 1247 2943 do·

450 2983 542 3052 bebio
566 2993 677 3070 optare
702 2985 845 3068 optima,
874 2987 1016 3069 cogitare
1038 2985 1245 3072 difficillimo,

436 3098 751 3183 ,terrequaecuoqur
765 3106 870 3166 erunt.
893 3097 986 3170 Vale.
1037 3124 1040 3133 ·
