3459 4075
599 389 653 466 ,’
723 380 800 450 ΑΙ)
845 363 1211 487 LENTVLVM.
1329 397 1373 464 43

561 553 745 642 ‘Pompeius
761 556 808 619 ita
823 554 1049 633 contendisset,
1068 564 1111 619 ut
1125 554 1205 620 nihil
1217 571 1374 638 umquam

475 718 480 726 -
571 674 698 755 magis,
720 668 761 747 u't
777 683 854 733 cum
872 667 980 734 erat-so
1002 669 1139 734 redirem
1162 670 1373 753 ingratiam,

557 786 743 868 (Caesarque
757 801 815 869 per
831 778 955 847 litteras
972 783 1112 846 maxima
1129 785 1160 847 se
1175 782 1318 848 molestia
1334 805 1375 847 ex

352 884 363 898 ⁰
444 931 450 972 ·.-
570 900 629 964 illa
650 898 856 963 contentione
876 893 1028 960 affectum
1049 896 1247 975 ostenderet3
1277 898 1376 962 habui

384 1033 403 1051 ·
444 1017 447 1028 '
475 999 477 1001 ’
563 1032 639 1077 non
655 1011 954 1107 temporumsulum
973 1010 1129 1083 rationem
1145 1031 1308 1087 meorum,
1324 1012 1376 1075 sed

347 1110 400 1189 ’Ἀ
568 1126 841 1191 etiamnaturaec
865 1121 1145 1219 §raffusque„ut
1162 1123 1378 1207 quafitestata

567 1240 691 1326 populo
717 1241 864 1303 Romano
883 1234 960 1301 esset
979 1235 1084 1302 nostra
1103 1237 1226 1320 gratia,
1248 1257 1339 1320 paene
1358 1260 1378 1301 a

571 1355 663 1417 meis«
684 1354 810 1417 laribus
841 1350 876 1413 in
902 1350 1103 1434 provinciam
1126 1349 1171 1413 est
1199 1335 1378 1434 probatius.

570 1460 659 1530 Nam
673 1485 748 1529 cum
762 1464 842 1527 mihi
858 1463 1046 1542 condixiffet
1055 1512 1064 1542 ,
1074 1465 1217 1530 coenavit
1227 1467 1310 1549 apud
1326 1486 1379 1530 me

551 1601 555 1608 ·
571 1578 608 1641 in
623 1579 687 1642 mei
700 1576 812 1662 generi
822 1574 1010 1661 Craffipedis
1023 1578 1138 1643 hortis.
1156 1579 1380 1654 Quamobrem

575 1689 646 1772 ejus
663 1690 787 1755 cansam
797 1734 806 1765 ,
829 1691 915 1772 quod
931 1697 964 1753 te
979 1690 1087 1754 scribis
1105 1690 1243 1769 audiffe‚
1264 1712 1381 1776 magna

575 1801 665 1866 illiue
684 1803 964 1865 commendatione
982 1801 1175 1885 susceptam,
1197 1806 1327 1869 defendi
1347 1806 1382 1867 in

452 1913 461 1998 ζ
576 1912 708 1989 senatu,
723 1910 805 1973 ficut
820 1928 893 1974 mea
908 1910 989 1973 fides
1002 1910 1193 1993 postulabat.
1210 1914 1382 1995 Accepisti,

458 2040 465 2097 '.
579 2026 698 2113 quibus
716 2022 814 2087 rebus
831 2019 1010 2099 adunans,
1033 2041 1198 2108 quamque
1215 2046 1282 2090 rem
1304 2045 1384 2091 cau.

576 2124 716 2223 samque*
725 2136 920 2201 defenderim
931 2157 941 2213 ;
954 2136 1076 2220 quique
1091 2157 1181 2203 meus
1195 2140 1228 2202 in
1243 2141 1386 2224 republi-

465 2266 473 2301 -'
559 2285 562 2295 =
578 2274 617 2320 ca
634 2254 671 2317 fit
680 2254 745 2336 ‘pro
762 2243 835 2316 mea
854 2260 947 2334 parte
968 2249 1154 2334 capeffenda
1174 2253 1286 2319 status.
1332 2255 1384 2320 De

581 2389 646 2453 quo
662 2366 703 2431 fic
717 2365 814 2432 velim
830 2363 970 2444 statuas,
993 2385 1046 2430 me
1059 2366 1130 2430 haec
1147 2370 1261 2433 eadem
1277 2369 1385 2433 sensu-

549 2496 555 2514 ·
580 2502 651 2546 rum
671 2479 782 2556 fuisse,
804 2476 923 2542 fimihi
946 2462 1071 2562 inte'gra
1090 2472 1262 2545 omnia'ac
1284 2466 1386 2548 libera

582 2595 722 2661 fuissent.
763 2594 847 2657 Nam
862 2611 968 2676 neque
984 2596 1192 2676 pugnandum
1210 2595 1387 2661 arbitrarer

586 2720 698 2770 contra
711 2715 817 2770 tantas
828 2726 930 2789 opes,
944 2726 1051 2790 neque
1063 2708 1249 2784 delendum,
1265 2708 1389 2772 etiamst

555 2841 559 2848 “
586 2821 621 2884 id
636 2818 708 2884 fieri
728 2819 847 2902 poffet,
870 2801 1066 2885 summorum
1084 2821 1208 2911 ‘civium
1228 2820 1389 2904 principa·

533 2928 536 2935 '
552 2971 554 2974 .
585 2921 676 3008 tum,
699 2948 805 3015 neque
819 2933 1071 3015 permanendum
1087 2934 1120 2997 in
1135 2950 1201 2996 una
1219 2932 1389 3012 sententia,

589 3042 749 3109 convertis
774 3046 895 3122 rebus,
927 3063 965 3107 ac
986 3048 1144 3110 bonorum
1167 3044 1388 3113 voluntatibus

587 3160 766 3222 immutatis
783 3137 799 3234 ,'
824 3159 876 3222 sed
910 3159 1109 3238 temporibus
1143 3160 1388 3228 assentiendum.

586 3272 775 3352 Numquam
783 3254 868 3336 enim
878 3270 1100 3357 praeliantibus
1111 3274 1143 3336 in
1156 3275 1316 3357 republica
1331 3298 1391 3357 gu·

341 3406 349 3423 ·
468 3472 471 3477 ¹
586 3387 750 3451 bernarda
773 3370 849 3458 biriu
872 3388 1002 3452 laudata
1029 3386 1126 3451 estin
1147 3406 1211 3452 una
1236 3386 1392 3451 sententia

588 3509 748 3584 perpetua
773 3498 974 3584 permansio:
1000 3499 1078 3580 (eb,
1093 3509 1141 3566 ut
1153 3502 1203 3564 'nn
1221 3497 1401 3569 naumann<
