3459 4075
446 203 490 289 76
564 201 945 263 urls'ruuauvu
975 201 1080 261 mu.
1113 201 1160 263 x.-

449 371 694 459 iniquus‚cu1us
708 368 876 452 intemplo
891 387 944 432 rea
961 370 1147 452 agebatur.
1168 370 1238 437 nra
1288 363 1291 408 ¹

448 486 724 571 quemadmodum
735 484 1123 569 fregerim,quautaque
1134 494 1240 553 contu·

446 596 535 666 tion'e
559 600 587 663 T
590 601 684 662 i'tium
713 594 952 675 intercefforem
976 597 1195 681 abjecerim
1217 616 1241 663 u

448 716 587 779 aliorum
607 721 641 776 te
661 712 780 775 litteris
794 711 881 775 nalo
895 710 1111 792 cognoscere.
1158 712 1244 781 urar

448 829 511 891 lroc
533 849 573 892 ex
592 827 697 888 meis:
725 825 851 889 senatus
873 824 1021 905 gravior,
1042 825 1248 904 constantior,

450 940 585 1003 amicior
600 940 665 1002 tuis
679 939 829 1001 laudibus
844 934 907 1000 effe
921 953 988 999 non
1002 942 1143 1021 patuit,
1167 916 1251 1025 quan

448 1061 519 1117 tum
543 1054 618 1119 luit.
665 1050 736 1115 Nec
759 1068 836 1116 vero
860 1049 921 1115 ribi
942 1049 1082 1117 serratus
1107 1054 1251 1129 amicior,

448 1188 547 1250 quam
562 1165 678 1230 cunila
693 1164 817 1229 civitas.
840 1160 1031 1230 mirabiliter
1045 1166 1144 1233 eninr
1157 1186 1252 1253 popu·

447 1282 498 1346 lus
512 1281 676 1345 Romanus
689 1276 872 1351 universus,
886 1274 921 1340 &
936 1276 1087 1343 omnium
1102 1291 1252 1363 gerrem

449 1394 661 1476 ordinumque
685 1389 852 1457 consensus
876 1390 917 1454 ad
941 1386 1153 1459 liberandam
1177 1414 1252 1461 reru

447 1505 611 1589 publicam
626 1502 828 1588 conspiravit.
851 1501 952 1584 Perge
969 1502 1090 1586 igitur,
1113 1514 1158 1571 ut
1172 1508 1253 1593 agir,
1289 1556 1291 1563 .

446 1639 631 1704 nomenque
653 1626 746 1682 tuum
773 1616 964 1681 commenda
984 1615 1253 1699 immortalitalir

448 1744 547 1818 atque
564 1737 635 1799 hacc
656 1730 782 1811 omnia,
805 1749 877 1815 quac
890 1728 1009 1793 habent
1024 1731 1170 1816 speciem
1188 1734 1255 1819 glo·

449 1850 519 1925 riae,
531 1845 697 1915 coneum
712 1844 859 1910 inanibus
875 1841 1048 1927 splendoris
1062 1844 1254 1931 iufignibus,

449 1970 620 2027 contemne
637 1984 647 2039 ;
679 1960 808 2038 brevia,
830 1958 978 2041 fugacia,
999 1956 1126 2023 caduca
1146 1960 1257 2029 existi·

448 2093 513 2138 rra.
537 2074 660 2139 Verum
673 2075 771 2138 decus
784 2073 819 2137 in
831 2071 951 2137 virtute
962 2069 1100 2155 politura
1112 2072 1171 2151 est,
1180 2093 1255 2158 quac

446 2187 586 2249 maxime
608 2181 936 2269 illustratur-'magnis
957 2183 993 2250 iu
1016 2185 1255 2266 rempublicam

446 2295 582 2358 meritis.
626 2298 708 2360 Earn
728 2299 919 2364 facultatem
937 2298 1033 2364 habea
1048 2295 1249 2375 maximam

446 2426 544 2491 quarn
561 2410 688 2491 quando
708 2409 893 2491 complexus
915 2433 968 2490 es,
991 2417 1081 2485 tene3
1101 2405 1248 2490 perfice,

444 2533 484 2587 ut
500 2544 542 2588 ne
555 2522 660 2587 minus
677 2522 858 2607 respublica
874 2525 953 2604 tibi,
976 2539 1070 2609 quam
1081 2527 1121 2586 tu
1135 2521 1253 2607 reipu-

443 2638 586 2721 publicae
602 2637 730 2703 debeas.
760 2637 814 2702 Mc
829 2645 896 2703 tua
912 2636 1077 2721 dignitatis
1090 2656 1158 2702 non
1176 2653 1253 2703 mo·

445 2753 487 2815 do
509 2754 688 2829 fautorem,
711 2750 763 2816 sed
788 2748 888 2817 eliam
910 2749 1175 2834 amplificatorem
1195 2773 1275 2816 cc·-

443 2865 588 2945 gnoscea.
610 2867 649 2931 Id
670 2885 744 2930 cum
765 2863 970 2949 reipublicae,
992 2883 1068 2950 quac
1083 2865 1165 2929 mihi
1181 2865 1252 2931 vita

443 2976 490 3037 est
504 2996 577 3040 mea
594 2980 715 3054 carior,
738 2986 808 3042 turn
821 2977 935 3042 nostrae
949 2974 1173 3043 neceffiludini
1193 2981 1252 3045 de·

442 3087 520 3151 bere
544 3109 596 3153 me
616 3089 741 3171 iudico.
785 3090 897 3176 Atque
915 3092 949 3154 in
966 3091 1017 3155 bis
1038 3091 1144 3172 curis,
1167 3108 1251 3179 quaa

442 3200 570 3264 contuli
593 3202 633 3264 ad
655 3204 845 3286 dignitatem
868 3212 978 3281 tuam,
1001 3205 1074 3288 cepi
1095 3225 1253 3290 magnam

442 3310 656 3398 uoluptatem,
665 3316 751 3400 quod
763 3318 845 3386 bene
855 3315 1165 3403 cognitammihil.
1173 3319 1254 3398 blu-¹

431 3645 558 3869 L
