3459 4075
442 416 485 480 88
550 393 926 468 EPISTULARVM
960 395 1061 464 ΜΒ.
1095 394 1146 466 Χ.

442 574 652 644 sollicitudine
662 572 765 638 vestra
774 571 907 655 perditis
920 567 1113 637 refisterem.
1134 573 1249 639 omnic

443 692 476 754 ei
492 688 525 752 &
544 688 666 768 petenti
682 688 805 769 recepi,
830 684 863 748 ἃ
879 685 966 747 ultro
980 685 1157 767 pollicitus
1176 687 1248 765 sun,

443 800 613 884 scripfique
627 801 686 865 tibi
701 800 800 864 biduo
817 810 911 875 ante,
926 796 1095 864 confidere
1108 820 1181 879 me,
1197 802 1250 866 bo·

443 935 485 979 no
510 914 630 996 Lepido
652 912 715 977 effe
735 914 890 987 usurum,
915 913 1155 996 communique
1179 934 1250 978 eon·

442 1027 511 1092 filio
532 1029 653 1091 bellum
679 1014 985 1089 administratururir.
1033 1026 1172 1091 Credidi
1188 1026 1251 1093 chi·

444 1142 612 1224 rographis
627 1140 717 1219 eius,
740 1135 947 1201 affirmationi
967 1138 1140 1221 proesentis
1158 1142 1250 1205 Lete·

443 1255 561 1332 renfis,
585 1256 640 1338 qui
665 1264 736 1316 tum
762 1253 847 1333 apud
871 1271 922 1312 me
945 1259 1035 1327 erat,
1058 1254 1252 1321 reconcilia·

442 1389 576 1451 remque
593 1387 643 1429 roe
657 1366 795 1447 Lepido,
809 1363 971 1445 fidemque
985 1364 1164 1446 haberem,
1182 1387 1251 1433 ora·

443 1483 511 1545 bat.
557 1480 632 1543 Nou
648 1482 739 1542 licuit
756 1479 877 1540 diutius
894 1479 975 1541 bene
992 1480 1032 1541 de
1046 1454 1091 1541 eo
1112 1480 1250 1563 sperare.

443 1595 531 1660 Illud
550 1603 637 1655 certe
654 1593 745 1668 cavi,
767 1590 801 1654 ὰ
817 1593 956 1667 cavebo,
980 1612 1021 1654 ne
1038 1611 1116 1657 meo
1132 1598 1252 1660 crude-

442 1708 534 1772 litate
556 1706 743 1787 reipublicae
765 1704 887 1766 summa
905 1704 1048 1768 fallatur.
1081 1705 1169 1771 Cum
1185 1708 1251 1773 lsa-

442 1841 512 1885 ram
527 1819 666 1893 flumen,
689 1837 755 1880 uno
774 1817 826 1880 die
843 1827 943 1900 ponte
960 1816 1098 1897 effecto,
1123 1820 1250 1885 exerci-

443 1944 514 1998 tum
526 1929 748 2008 traduxiffem,
770 1950 828 2013 pro
847 1931 1071 2012 magnitudine
1093 1934 1144 1996 rei
1166 1935 1251 2000 cele·

445 2050 576 2112 ritatem
592 2047 760 2117 adhibens,
789 2044 874 2127 quod
895 2044 1032 2125 petierat
1051 2065 1109 2129 per
1120 2047 1249 2114 litterae

441 2160 508 2243 {pse
518 2206 528 2237 ,
543 2169 581 2223 ut
598 2167 792 2224 maturarem
809 2158 937 2236 venire;
959 2157 1073 2240 praesto
1090 2159 1172 2224 mihi
1187 2161 1251 2226 futt

442 2272 542 2335 stator
563 2272 634 2354 ejus
659 2292 733 2337 cum
757 2271 900 2362 litteris,
924 2273 1065 2354 quibus,
1086 2292 1130 2338 ne
1154 2275 1251 2338 veni-

441 2403 510 2446 rem
520 2429 529 2459 ,
552 2386 782 2463 denuntiabat3
806 2383 939 2469 sepoffe
956 2384 1061 2468 perse
1081 2384 1249 2451 conficere

441 2494 633 2574 negotium
663 2496 788 2560 interea
815 2499 855 2560 ad
878 2498 995 2562 Isaram
1014 2493 1246 2576 exspectarem.

439 2607 595 2675 Indicabo
617 2608 826 2671 temerarium
848 2629 957 2676 meum
975 2605 1135 2672 confilium
1155 2608 1241 2673 tibi:

440 2722 652 2788 nihilominus
675 2721 722 2784 ire
741 2722 923 2800 decreram,
946 2721 1142 2814 existimans,
1163 2741 1245 2788 eum

439 2834 562 2901 socium
580 2837 692 2917 gloria»
708 2837 819 2901 vitare.
845 2834 999 2902 Putabam
1015 2833 1101 2922 poffe
1113 2855 1167 2903 me
1182 2857 1248 2902 nec

437 2950 480 3013 de
502 2951 595 3014 laude
620 2948 716 3026 ῥιψὶ
735 2951 876 3015 hominis
892 2951 1032 3017 delibare
1050 2951 1247 3036 quidquam,

438 3060 474 3125 &
491 3062 607 3128 subefl'e
627 3081 732 3126 tamen
749 3065 935 3148 propinquis
951 3065 1051 3140 locis,
1074 3071 1129 3141 ut,
1144 3062 1168 3127 fi
1182 3066 1247 3130 du·

437 3174 509 3235 rius
529 3178 649 3259 aliquid
674 3177 774 3254 esset,
798 3179 981 3243 succurrere
1002 3178 1152 3242 celeriter
1171 3178 1246 3260 pos·

434 3282 510 3346 sem.
558 3289 624 3368 Ego
647 3311 711 3352 non
731 3293 833 3354 malus
853 3292 950 3355 homo
971 3292 1035 3354 hoc
1048 3290 1245 3373 suspicabar.

432 3392 480 3452 At
502 3397 699 3478 Laterenfis‚
723 3405 773 3467 vir
795 3402 1025 3483 sanftiffimus,
1047 3404 1104 3470 soo
1129 3402 1243 3466 chiro·

427 3508 550 3590 graph0
566 3512 667 3581 mittit
681 3515 761 3583 mihi
775 3518 919 3599 litteras,
941 3518 976 3582 in
993 3518 1110 3604 eisque
1123 3515 1241 3602 despe-⁴
