3459 4075
518 288 533 311 ²
590 329 663 400 An
692 308 776 396 ‘ott
811 263 1085 394 amovit.
1170 349 1244 414 .95

435 506 524 573 'mihi
544 505 642 570 liceat
667 503 756 586 jam,
784 501 931 586 prasenti
953 501 1074 586 pietate
1096 523 1245 572 meorum

444 620 631 686 officiorum
654 626 714 683 tua
738 614 895 682 beneficia
916 615 978 680 tibi
1000 618 1107 682 iacere
1128 617 1247 700 jucun-

444 736 550 799 diora.
582 729 708 796 ottavo
725 717 803 796 I'dus
817 729 893 807 Jun.
916 729 1092 810 Citarone,
1113 752 1154 796 ex
1171 731 1247 798 fini·
1332 745 1336 756 '

429 831 509 914 'bus
523 847 747 939 Allobrogum.
827 837 829 842 ’

468 984 668 1087 macas
688 1018 776 1084 JMP.
795 1013 919 1083 tots,
935 984 1112 1085 DESIGN.
1131 1015 1166 1085 s,
1180 1018 1223 1086 n.

740 1129 961 1198 ctcaaotti.
1248 1132 1252 1138 ·

676 1242 790 1325 (Anno
815 1246 857 1322 V.
875 1245 910 1310 C.
926 1239 1021 1327 710).

448 1428 504 1491 24.
559 1429 704 1476 actam
726 1430 792 1474 non
809 1407 952 1495 poffum,
969 1407 1049 1491 quin
1062 1407 1096 1472 in
1112 1405 1250 1492 fingulas

450 1540 522 1601 tea,
544 1526 725 1607 miritaque
740 1530 820 1601 tua,
842 1522 903 1587 tibi
921 1522 1042 1606 gratias
1057 1542 1161 1605 agam.
1186 1521 1251 1588 Sed

450 1636 635 1703 mehercule
656 1637 742 1702 facio
765 1656 840 1701 cum
864 1637 998 1719 pudore.
1027 1630 1136 1721 n'eque
1162 1638 1252 1702 enim

450 1757 544 1817 tanta
566 1747 787 1828 necessitudo,
808 1736 962 1832 quantam
980 1756 1018 1814 tu
1037 1749 1118 1814 mihi
1140 1759 1252 1816 tecum
1275 1762 1288 1770 “

450 1862 515 1930 effe
529 1861 696 1940 *voluisti,
726 1855 904 1928 desiderare
925 1862 1055 1928 videtur
1075 1865 1254 1946 gratiarum

450 1974 638 2057 attionemt
654 1995 762 2060 meque
781 1996 842 2059 ego
861 1976 1012 2044 lubenter
1029 1995 1088 2061 pro
1105 1977 1255 2042 maximia

452 2090 521 2154 tuis
536 2088 701 2161 beneficiis
715 2098 785 2167 tam
797 2089 855 2156 vili
869 2109 1002 2156 munere
1012 2091 1170 2173 defungor
1182 2109 1256 2158 ora·

452 2203 574 2281 tionis;
599 2202 632 2269 ἃ
650 2203 736 2268 malo
755 2181 895 2288 praesens
910 2203 1126 2281 observantia,
1147 2205 1257 2270 indul-

453 2317 583 2399 gentia,
604 2315 805 2396 affiduitate,
826 2337 1004 2386 memorem
1024 2337 1077 2382 me
1100 2319 1162 2385 tibi
1180 2338 1262 2404 prm,

455 2431 545 2496 bare.
559 2429 680 2508 Quodii
692 2432 773 2498 mihi
786 2432 853 2498 vita
866 2431 1050 2515 contigerit,
1059 2453 1172 2500 omnes
1184 2455 1258 2518 gra·

456 2551 506 2608 tae
526 2546 686 2635 amicitias
708 2552 806 2631 atque
829 2546 930 2613 etiam
951 2548 1020 2631 pias
1035 2548 1260 2632 propinquita-

457 2663 508 2721 tes
525 2657 559 2723 in
574 2666 639 2747 ¹tua
654 2660 872 2735 observantia,
892 2660 1110 2741 indulgentia,
1133 2658 1261 2724 affldui·

445 2778 526 2834 tate
544 2770 682 2835 vineam.
710 2774 815 2837 Amor
829 2771 917 2838 enim
929 2778 1027 2845 tuus,
1051 2789 1089 2834 ac
1101 2770 1261 2851 judicium

459 2884 501 2946 de
518 2902 588 2961 me,
608 2889 721 2950 utrum
738 2882 818 2951 mihi
832 2883 904 2964 plus
919 2882 1084 2963 dignitatis
1100 2883 1134 2945 in
1149 2902 1263 2966 perpe·
1314 2929 1317 2934 ,

458 3003 573 3073 tuum,
595 3014 637 3060 an
662 2994 839 3079 voluptatis
863 2994 1008 3077 quotidie
1032 2993 1071 3057 fit
1088 2995 1263 3075 allaturus,

451 3083 527 3174 'non
542 3109 637 3176 facile
651 3109 800 3178 dixerim.
843 3108 895 3173 De
911 3107 1054 3181 miiitum
1067 3110 1265 3189 commodis,

461 3222 525 3288 fuit
539 3224 598 3291 tibi
616 3241 722 3301 curae5
745 3241 827 3306 quos
841 3243 902 3305 ego
923 3242 990 3286 non
1012 3222 1167 3306 potentiae
1181 3242 1265 3289 meae

464 3337 558 3401 eausa
571 3336 670 3418 (nihil
685 3337 772 3402 enim
785 3355 838 3402 me
849 3356 915 3401 non
928 3334 1111 3403 salutariter
1121 3329 1266 3421 cogitare

463 3449 553 3533 itio)
575 3450 684 3516 ornari
703 3451 796 3520 ,volui
819 3470 839 3516 a
860 3451 1001 3520 senatu:
1027 3451 1082 3519 sed
1103 3452 1267 3535 primum,
