3459 4075
574 340 675 439 ’nn‘
701 336 779 408 cu.
812 310 1088 409 unnu'cvu.
1204 360 1250 426 93

446 499 656 583 mediocritei·
675 514 843 598 captabat,
865 511 898 578 se
920 531 995 575 curn
1009 511 1155 576 Antonio
1170 533 1249 578 eon·

405 694 407 699 .
435 629 552 731 junxit
571 639 646 694 ante
666 628 750 692 diem
766 643 810 697 xv
826 622 899 691 Kal.
913 624 1045 703 Junias3
1068 629 1250 709 eodemque

401 798 405 803 .
444 744 501 807 die
521 745 562 804 ad
583 763 637 807 me
653 741 761 819 ,castra
786 746 970 806 moverunt.
1001 735 1129 821 Viginti
1147 740 1250 805 millia
1389 817 1391 820 Α

447 852 597 939 passuum
611 874 688 920 cum
705 851 856 930 abessent,
866 870 918 916 res
937 851 1017 917 mihi
1030 853 1181 917 nuntiata
1193 852 1251 917 est.

449 966 535 1034 Dedi
556 987 684 1051 operam
705 966 801 1032 deum
819 965 1035 1048 benignitate,
1059 974 1099 1030 ut
1116 963 1150 1030 du
1165 966 1253 1031 cele·

448 1081 529 1145 riter
543 1101 596 1144 me
610 1079 801 1163 reciperem,
821 1077 856 1144 dr
871 1078 925 1143 hie
938 1075 1088 1142 discelius
1104 1078 1186 1144 nihil
1197 1083 1253 1157 fu·

449 1211 501 1277 gae
522 1190 623 1258 simile
647 1193 808 1270 baberet3
839 1182 1026 1256 nonmiles
1049 1191 1140 1256 ullus
1150 1236 1163 1272 ,
1184 1211 1251 1280 uon

433 1321 552 1392 'eques
559 1352 569 1387 ,
579 1325 644 1372 non
655 1305 829 1392 quidquam
838 1304 1144 1388 impedimentorum
1157 1306 1254 1368 amit·

401 1424 402 1429 ’
449 1427 601 1500 teretur,
623 1427 680 1484 uut
702 1420 742 1484 ab
765 1417 830 1482 illis
853 1415 1053 1482 ferventibus
1073 1416 1253 1481 latronibus

428 1615 431 1621 .
451 1534 710 1618 interciperetur.
753 1531 874 1612 ltaque
890 1529 993 1611 pridie
1012 1528 1125 1595 Nouus
1138 1530 1253 1608 Juniae

452 1667 563 1713 omues
576 1646 685 1728 copias
694 1641 812 1707 isaram
826 1641 959 1725 trajeci,
970 1651 1162 1727 pontesque,
1171 1664 1254 1728 quos

449 1762 612 1834 feceram,
634 1754 811 1838 Inter-rupi,
832 1763 872 1818 ut
885 1754 1021 1838 spatium
1038 1756 1078 1820 ad
1100 1756 1255 1840 ‘colligen-

450 1874 531 1937 dum
539 1870 571 1935 se
581 1867 729 1933 homines
740 1868 899 1931 habereut
905 1911 917 1946 ,
940 1867 976 1933 dc
988 1889 1049 1951 ego
1063 1889 1117 1933 me
1129 1868 1256 1934 interea

450 2005 526 2056 curn
541 1983 666 2065 collega
681 1978 919 2065 conjungerem,
932 1972 1028 2065 quem
1038 1981 1164 2059 triduo,
1180 2003 1255 2049 cum

450 2100 512 2164 hus
525 2096 640 2163 dabam
657 2093 784 2159 litteras
793 2141 805 2174 ,
822 2092 1054 2182 exspeiiabam.
1077 2096 1257 2163 Laterenliu

450 2208 554 2277 nostri
575 2207 610 2274 dc
634 2206 760 2289 fidem,
786 2206 826 2287 ⁷&
850 2208 995 2275 animum
1015 2207 1206 2292 singularem
1221 2213 1256 2276 in

451 2322 687 2407 rempublicam
701 2321 824 2406 semper
839 2323 977 2390 fatebor.
1022 2320 1087 2388 Sed
1105 2332 1193 2395 certe
1206 2328 1258 2391 ni·

452 2436 519 2503 mia
544 2434 613 2519 ejus
634 2435 836 2521 indulgentia
859 2415 895 2500 in
919 2424 1101 2524 Lepidum,
1125 2441 1258 2505 adhaec

452 2550 600 2635 pericula
621 2550 839 2635 perspicienda
854 2549 934 2615 fecit
951 2572 1026 2618 eum
1043 2552 1152 2618 minue
1171 2553 1260 2636 saga·

453 2682 537 2728 cem.
560 2662 631 2738 Qui
647 2664 781 2745 quidem
797 2684 873 2728 curn
893 2664 928 2727 iu
946 2666 1092 2729 fraudem
1102 2665 1139 2728 'se
1158 2667 1260 2728 dedu·

455 2774 544 2838 ilum
561 2774 703 2865 videret,
719 2791 853 2851 manua,
872 2792 952 2857 quau
966 2774 1079 2857 jullius
1095 2776 1130 2838 in
1146 2775 1262 2859 Lepidi

454 2885 631 2973 perniciem
649 2884 818 2963 armasset,
840 2882 897 2950 fibi
917 2867 1033 2950 afferre
1049 2877 1184 2951 conatur
1201 2888 1258 2954 eli.

454 3002 497 3067 In
512 3018 576 3084 quo
594 2998 667 3063 casu
680 3005 789 3063 tamen
802 2999 1025 3080 interpellatus
1043 2997 1078 3064 &
1090 2999 1195 3065 adhuc
1211 3003 1262 3070 ui·

456 3114 523 3193 vit,
545 3112 581 3177 ἃ
598 3112 717 3177 dicitur
729 3108 890 3177 virtutus.
935 3107 998 3176 Sed
1013 3120 1122 3176 tamen
1139 3116 1180 3181 de
1197 3117 1261 3202 boc

457 3226 539 3294 mibi
555 3245 671 3310 parum
689 3233 815 3290 certum
831 3223 888 3290 est.
908 3291 910 3296 ,
925 3224 1043 3307 Magno
1061 3197 1264 3296 cumdolore

457 3340 693 3424 parricidarum
708 3340 832 3424 elapsus
846 3337 913 3411 sum
925 3338 979 3403 iis.
992 3339 1163 3405 veniebant
1174 3344 1262 3408 enim

461 3456 577 3523 eodem
592 3455 705 3525 lurore
719 3454 756 3525 iu
769 3441 844 3541 rue,
864 3453 983 3542 quoin
1003 3454 1163 3545 patulam,
1182 3457 1266 3521 inei·
