3459 4075
588 322 659 390 Ao
698 320 775 395 cn.
811 317 1087 411 ptnncvn.
1199 322 1243 408 ⁶3

418 562 419 569 ,
438 502 492 569 vel
508 509 599 575 tuae,
622 517 719 582 quom
739 497 774 561 in
793 503 920 580 partem
935 503 1079 580 acceptae
1097 493 1179 576 fint,
1200 517 1242 560 en

418 658 420 665 ·
439 617 511 680 viro
529 614 671 729 optimo,
688 613 788 675 fratre
800 618 880 688 tuo,
894 607 929 675 δι
946 631 987 674 ex
1000 611 1036 675 C.
1052 608 1170 674 Furnio
1184 630 1242 695 po·

440 728 523 793 teris
540 725 741 809 cognoscere.
776 724 830 788 Me
847 730 958 788 tutem
974 723 1105 808 impulit
1120 724 1171 790 tui
1188 744 1244 789 ca·

442 842 540 916 ritas,
562 849 620 917 ut,
643 856 838 923 quamquam
856 857 917 903 neo
930 837 991 903 tibi
1006 835 1063 920 ipfi
1078 836 1244 905 confilium

421 1004 423 1009 .
443 953 590 1029 deesset,
612 950 647 1017 δι
670 952 803 1029 fratris,
825 928 998 1034 Furniique
1017 953 1244 1019 benevolentia

443 1067 613 1149 fidelisque
631 1065 799 1150 prudentia
818 1066 879 1129 tibi
896 1065 1008 1148 praesto
1022 1065 1099 1129 eiiet
1114 1068 1243 1145 futuro,

445 1181 565 1247 vellem
577 1188 684 1243 tamen
699 1198 780 1242 meae
800 1198 930 1263 quoque
944 1170 1164 1256 austoritntis‚
1185 1199 1244 1262 pro

444 1293 592 1379 plurimis
603 1291 718 1358 nolitis
730 1290 1031 1368 recellitudinibus,
1046 1303 1246 1375 praeceptum
1353 1360 1357 1389 ἰ

446 1410 488 1472 ad
502 1414 536 1473 te
549 1407 680 1493 aliquod
699 1406 879 1489 pervenire.
912 1404 1015 1470 Crede
1029 1404 1131 1487 igitur
1147 1407 1246 1485 mihi,

447 1521 587 1599 Plance,
610 1539 740 1596 ornnes,
763 1539 845 1602 quos
860 1519 965 1583 adhuc
977 1522 1095 1601 gradus
1109 1519 1247 1603 dignita·

448 1636 493 1700 tis
516 1634 705 1700 consecutus
725 1628 784 1710 lio,
808 1635 868 1709 (es
887 1642 998 1697 autern
1022 1632 1156 1715 adeptus
1177 1652 1250 1698 anr-

447 1745 630 1832 pliilimos‚)
652 1765 708 1809 eos
723 1745 883 1809 honorum
897 1745 1051 1811 vocabula
1061 1745 1247 1823 habituros,

448 1879 516 1925 non
534 1858 700 1941 dignitatis
714 1855 869 1939 infigffia,
881 1855 940 1927 nili
957 1866 991 1920 te
1007 1877 1082 1920 cum
1097 1858 1249 1922 libertate

447 1973 560 2061 populi
577 1971 734 2049 Romani,
758 1969 792 2037 δι
812 1990 887 2035 cum
905 1968 1035 2034 senatus
1057 1968 1250 2040 auitoritnte
1286 1968 1289 1973 ’

450 2085 668 2171 conjunxeris.
703 2082 840 2168 Sejunge
854 2092 907 2162 te,
931 2084 1056 2167 quaeso,
1078 2085 1250 2169 aliqnando

451 2205 492 2266 nb
509 2201 570 2277 iis,
593 2218 667 2264 cunr
689 2199 808 2285 quibus
823 2206 857 2264 te
877 2218 944 2262 non
962 2206 1055 2263 tuum
1075 2197 1250 2281 judicium,

449 2316 503 2381 sed
517 2324 701 2397 temporum
718 2312 848 2379 vincula
864 2310 1110 2394 conjunxerunt.
1155 2313 1252 2380 Com-

451 2431 561 2513 plures
580 2429 614 2491 in
632 2426 876 2512 perturbatione
899 2426 1083 2510 reipublicae
1106 2429 1252 2497 consules

453 2539 550 2608 distis
572 2562 709 2625 quorum
727 2538 1171 2620 nemoconiulnrishabitos,
1194 2542 1253 2607 nili

453 2655 511 2736 qni
532 2655 639 2718 animo
661 2653 781 2718 exstitit
798 2655 832 2718 in
855 2654 1086 2737 rempublicam
1108 2656 1256 2719 consulo·

454 2768 513 2832 ris.
557 2765 673 2829 Talem
689 2765 788 2847 igitur
804 2773 838 2830 te
858 2764 922 2829 elie
938 2773 1091 2849 oportet,
1112 2766 1170 2849 qui
1188 2766 1255 2851 pri·

455 2898 545 2944 mum
560 2885 595 2940 te
615 2875 654 2941 ab
671 2876 842 2960 impiorum
855 2877 998 2954 civium,
1020 2877 1072 2940 tui
1091 2877 1257 2943 dillimilli-

455 3011 606 3067 morum,
627 2989 777 3055 societate
791 2988 960 3072 seiunges3
983 2989 1098 3055 deinde
1116 2988 1151 3055 &
1166 2992 1256 3057 iena-

455 3106 532 3181 tui,
555 3104 710 3187 bonisque
728 3102 886 3167 omnibus
909 3100 1105 3180 austorem,
1134 3104 1256 3189 prioci-

456 3239 550 3304 peno,
571 3219 687 3285 ducem
701 3216 866 3300 praebeas3
888 3214 1064 3300 postremo,
1085 3226 1125 3281 ut
1143 3238 1257 3302 pacem

457 3331 521 3396 elie
537 3330 659 3415 judices
678 3330 793 3394 nonin
811 3330 909 3394 ormi·
927 3328 1035 3413 politio
1045 3376 1056 3408 ‚
1077 3328 1182 3396 sedin
1200 3336 1256 3399 ab·

456 3442 542 3527 jeilo
554 3461 719 3510 armorum
735 3440 770 3510 ὅτ
788 3443 950 3511 servitutis
965 3453 1067 3513 metu.
1090 3445 1172 3513 llaeo
1184 3444 1208 3511 n
1222 3446 1254 3512 &
