3459 4075
494 358 500 375 “
588 372 660 440 au
696 370 775 439 cu.
811 316 1086 436 uunucvu'.
1184 384 1242 452 rs

402 556 424 633 l]
443 551 563 614 civium
585 567 638 613 me
661 549 757 611 domo
781 548 980 621 deduceret,
1003 544 1066 610 feci
1087 542 1242 607 continuo

444 685 558 734 ornnes
570 663 741 744 participes
754 679 836 724 meae
850 659 1034 742 voluptatis.
1058 658 1191 724 Interim
1202 657 1243 723 ad

434 789 498 839 ¹rue
514 778 602 840 venit
620 776 786 839 Munatius
803 772 926 851 nester,
949 782 986 837 ut
1001 751 1186 836 consuerat:
1210 777 1244 834 at

446 909 507 969 ego
525 888 555 953 ei
573 890 699 954 litteras
718 897 809 964 tuas3
833 888 990 951 nihildum
1009 887 1094 951 enim
1116 885 1245 949 sciebat.

446 1022 522 1066 uam
544 1005 655 1067 adme
675 981 814 1084 primurn
836 1000 1034 1078 Varifidius3
1066 999 1165 1082 idque
1189 995 1246 1061 fibi

447 1135 467 1177 a
484 1126 516 1178 te
531 1100 716 1190 mandatum
731 1115 793 1179 elie
807 1117 944 1179 dicebat.
962 1114 1064 1178 Paule
1079 1111 1145 1194 post
1159 1112 1246 1174 idem

427 1226 528 1291 'mihi
553 1212 718 1293 nunnus
739 1250 793 1293 eas
814 1231 939 1294 litteras
964 1227 1115 1308 legendas
1138 1224 1247 1299 aeaut,

448 1361 527 1425 quas
543 1340 599 1424 ipii
611 1327 758 1418 miseras,
773 1343 806 1406 δι
825 1361 900 1417 eas,
918 1359 998 1425 quas
1012 1338 1150 1421 publice.
1174 1338 1246 1401 Pla·
1289 1378 1292 1385 -

406 1478 408 1483 ·
447 1456 623 1520 cuitlrobis
634 1502 644 1533 ,
655 1465 692 1520 ut
707 1455 811 1517 statim
825 1456 864 1517 ad
877 1453 1059 1546 Cornutum
1074 1459 1246 1533 praetorem

448 1570 608 1631 urbanum
634 1570 759 1632 litteras
787 1570 987 1632 deferremus
1003 1570 1018 1644 ς’
1047 1566 1130 1648 qui’,
1159 1548 1248 1647 quod

447 1682 592 1767 qonsules
607 1682 756 1754 aberant,
769 1681 935 1746 consulare
948 1698 1066 1742 munus
1079 1677 1249 1742 sustinebat

447 1814 541 1859 ruore
555 1793 723 1874 majorum.
745 1791 886 1858 Senatus
901 1792 945 1857 est
958 1793 1113 1856 continuo
1128 1809 1251 1855 convo·

449 1916 560 1980 catus,
583 1907 799 1990 frequensque
815 1907 967 1971 convenit
983 1906 1249 1988 propterfamam

447 2027 547 2100 atque
556 2017 824 2102 exspettationern
836 2031 968 2085 tuarum
980 2020 1175 2084 litterarum.
1186 2015 1251 2080 Re·

447 2132 555 2194 citatis
582 2134 699 2197 litteris
713 2135 857 2210 ‚ublate
879 2135 992 2216 religio
1018 2136 1161 2198 Cornuto
1184 2130 1249 2208 est,

447 2246 657 2328 pullariorum
684 2248 875 2324 admonitu,
897 2246 1058 2311 nonsatis
1082 2245 1252 2327 diligenter

448 2378 522 2422 eum
541 2359 687 2441 auspiciis
701 2382 833 2445 operam
848 2360 976 2426 dediffe·
998 2362 1096 2443 idque
1111 2369 1130 2422 a*
1144 2357 1250 2424 nostro

450 2473 585 2555 collegio
602 2464 844 2558 somprobatum
860 2474 906 2541 est
949 2476 1065 2558 Itaque
1086 2495 1137 2539 res
1154 2475 1251 2538 dilata

447 2585 494 2649 est
512 2587 545 2651 in
563 2587 734 2667 posterum.
747 2619 755 2666 .'
779 2591 828 2653 Eo
844 2600 954 2656 autem
971 2590 1022 2655 die
1036 2607 1153 2669 magna
1170 2585 1251 2649 mihi
1363 2598 1365 2606 ·

449 2716 509 2779 pro
535 2707 595 2760 tua
619 2701 778 2780 dignitate
803 2704 967 2767 contentio
994 2721 1069 2764 curn
1090 2698 1252 2773 Servillo;

450 2808 600 2891 quicum
625 2812 726 2892 gratia
742 2811 928 2890 effecisset,
957 2822 997 2877 ut
1019 2813 1075 2875 sua
1100 2810 1254 2874 sententia
1323 2829 1325 2838 ·

413 2960 415 2964 -
451 2922 555 3005 prima
570 2925 851 3005 pronuntiaretur,
873 2926 1024 3007 frequens
1040 2945 1115 2987 eum
1128 2921 1256 2986 senatus

450 3034 604 3112 reliquit,
627 3034 661 3101 δι
677 3036 710 3100 in
729 3037 794 3101 alia
810 3039 918 3101 omnia
933 3034 1088 3113 disceilit3
1112 3055 1257 3118 meaeque

448 3147 644 3225 sententiae„
673 3169 745 3232 quae
770 3151 906 3215 secunda
930 3151 1139 3234 pronuntiata
1164 3161 1256 3227 eret,

449 3281 527 3325 cum
547 3266 733 3345 frequenter
751 3262 1113 3341 affentiretursenatus,
1133 3271 1255 3348 rogatu

452 3372 582 3440 Servilii
596 3377 631 3441 P.
643 3375 754 3443 Titius
769 3376 951 3443 intercellit.
966 3378 1030 3442 Res
1044 3377 1078 3441 in
1093 3377 1255 3460 posterum

451 3489 563 3558 dilata.
607 3488 710 3560 Venit
732 3499 868 3578 paratus
890 3488 1069 3570 Servilius,
1100 3490 1174 3567 Jovi
1197 3487 1255 3574 ipll
