3459 4075
607 401 746 472 auc.
778 397 1087 470 cvurounn.
1135 474 1139 479 ,
1205 416 1251 485 aa
1303 462 1306 469 .

344 590 348 601 '
450 584 582 650 sarium.
604 576 722 662 Neque
735 577 821 643 enim
836 577 907 642 sum
920 577 1110 653 veritus,ne
1122 574 1252 642 sustine·

452 717 489 761 re
502 706 560 759 tua
575 693 610 757 in
629 713 681 755 me
700 692 752 757 vel
768 691 1013 785 innumerabilia
1031 711 1095 753 non
1110 689 1252 773 poffem;

454 828 529 872 cum
542 804 717 890 praesertim
734 780 947 880 oonfiderem,
965 804 1086 867 nullam
1103 802 1165 868 esse
1180 823 1254 887 gra·

455 921 551 997 tiam,
567 937 664 1013 qnam
681 937 747 983 non
762 918 813 985 vel
832 936 947 1000 capere
965 917 1093 981 animus
1111 937 1204 983 meus
1219 919 1253 983 in

456 1033 654 1115 accipiendo,
664 1032 716 1097 vel
732 1031 766 1095 in
783 1032 1029 1109 remunerando,
1044 1031 1257 1096 cumulando·

458 1166 521 1230 que
535 1144 692 1211 illustrare
705 1142 817 1228 posset.
838 1143 909 1226 Ego
926 1145 1034 1209 omnia
1050 1163 1123 1209 mea
1140 1144 1255 1224 studia,

440 1266 588 1329 ¹§atinent
605 1278 734 1354 operam
743 1305 754 1336 ,
770 1255 1120 1336 curam,industr1am,
1135 1259 1258 1340 eogita-

458 1374 602 1449 tionem,
624 1381 764 1437 mentem
780 1372 918 1456 denique
934 1391 1060 1436 omnem
1081 1372 1115 1434 in
1130 1372 1258 1436 Milonis

460 1489 627 1552 consulatu
639 1483 700 1550 fixi
720 1483 754 1550 ἃ
771 1487 876 1551 locavi
891 1510 901 1565 ς
924 1485 1084 1570 statuique
1099 1484 1133 1548 in
1149 1506 1188 1550 eo
1205 1505 1258 1551 me

457 1621 525 1671 non
542 1598 641 1666 officii
657 1598 755 1664 solum
770 1597 934 1679 frustum,
952 1601 1004 1666 sed
1017 1600 1115 1664 etiam
1128 1598 1261 1683 pietatia

459 1716 586 1784 laudern
599 1714 715 1780 debere
726 1732 885 1798 quaerere.
894 1714 1010 1800 Neque
1022 1733 1097 1779 vero
1108 1715 1261 1797 cuiquam

460 1828 596 1892 salutern
613 1847 651 1892 ac
671 1829 818 1892 fortunas
839 1828 911 1892 suaa
934 1835 1032 1893 tantae
1058 1845 1146 1890 curae
1168 1825 1261 1892 fuisse

461 1956 614 2020 umquam
625 1947 715 2022 puto,
728 1949 859 2020 quantae
875 1940 954 2003 mihi
968 1938 1005 2001 sit
1021 1940 1124 2001 honos
1138 1938 1218 2018 ejus,
1227 1940 1262 2001 in

462 2073 530 2136 quo
546 2052 653 2116 omnia
666 2071 738 2116 mea
751 2049 852 2135 posita
864 2051 927 2122 esse
943 2050 1081 2123 decrevi·
1123 2050 1211 2114 Huic
1227 2060 1263 2118 te

461 2186 567 2232 unum
582 2173 673 2257 tanto
689 2164 873 2246 adjumento
887 2164 949 2232 effe
960 2163 1000 2244 ,fi
1016 2163 1168 2242 voluerit,
1178 2163 1264 2246 poffe

461 2280 628 2362 intelligo,
649 2287 689 2346 ut
706 2279 785 2343 nihil
803 2276 841 2341 fit
861 2287 1020 2366 praeterea
1039 2276 1131 2342 nobis
1151 2278 1265 2363 requi·

461 2396 610 2470 rendum.
656 2393 819 2458 Habemus
841 2392 912 2457 haec
937 2392 1071 2457 omnia:
1103 2393 1263 2458 bonorum

460 2506 615 2586 studium,
639 2507 844 2571 conciliatum
863 2528 904 2571 ex
921 2507 1110 2582 tribunatu,
1134 2514 1266 2589 propter

432 2635 435 2640 ·
459 2621 599 2685 nostram
611 2627 662 2701 (ut
672 2623 759 2704 spero
769 2629 801 2684 te
812 2619 1008 2702 intelligere)
1026 2620 1266 2701 causarurvulgi

461 2753 499 2798 ac
515 2733 752 2820 multitudinis,
763 2743 894 2816 propter
908 2730 1180 2812 magnificentiam
1194 2752 1267 2794 mu·
1337 2725 1345 2784 ι’

459 2864 599 2923 nerum,
616 2846 907 2926 liberalitatemque
923 2853 1065 2907 naturae:
1083 2845 1266 2929 juventutis

462 2955 496 3022 ἃ
516 2958 727 3038 gratiosorum
753 2959 787 3021 in
809 2956 964 3040 suffragiis
988 2955 1115 3032 studia,
1136 2963 1269 3038 propter

343 3098 369 3162 ⁸j
462 3067 559 3152 ipsius
574 3070 786 3154 expellentem
803 3071 838 3133 in
854 3091 893 3135 eo
911 3091 1028 3152 genere
1048 3069 1098 3133 vel
1112 3070 1267 3151 gratiam,

344 3173 345 3178 ἵ
462 3184 515 3248 vel
542 3184 765 3265 diligentiam:
787 3182 923 3246 nostram
944 3181 1224 3264 suffragationem,
1246 3181 1269 3247 fi

463 3295 572 3362 minus
589 3297 776 3378 potentem,
791 3303 825 3359 at
839 3295 1003 3379 probatam
1024 3306 1155 3373 tamen,
1172 3295 1207 3362 δι
1216 3296 1271 3380 ju·
1311 3299 1313 3304 ’

461 3407 558 3483 llam,
572 3407 779 3487 naeinam,
794 3408 1008 3491 &propterea
1025 3408 1154 3474 sortasse
1170 3411 1269 3474 etiarn

464 3521 644 3608 gratiolam.
668 3520 746 3588 Dux
756 3523 869 3603 uobis,
882 3520 917 3591 aa
934 3521 1047 3588 autior
1067 3543 1149 3606 opus
1165 3521 1273 3601 eiu&

1021 3635 1058 3701 u
1084 3650 1112 3716 ‘a
