3459 4075
585 368 671 437 AD
714 366 1100 439 LIGARIVM.
1184 382 1248 451 251

443 547 546 613 man
561 545 615 608 sus
633 551 748 610 nutura
762 543 925 610 mitiorem
939 544 1037 622 larit3
1060 514 1159 627 idque
1175 561 1251 606 curn

403 702 410 737 ⁶.
445 664 488 726 rie
504 642 771 742 reliquirssentio,
794 666 866 724 turn
881 660 922 723 de
932 668 970 723 ,te
984 659 1082 722 etiarn
1098 657 1194 725 audio
1209 676 1250 721 ex

445 770 698 840 familiariffinnis
718 773 805 858 ejus,
829 775 946 859 quibus
965 794 1026 855 ego
1046 793 1086 837 ex
1105 791 1146 834 eo
1165 780 1252 835 tem·

447 903 528 971 pore
537 933 548 964 ,
569 904 636 970 quo
652 889 791 972 primurn
811 909 852 953 ex
868 887 979 952 Africa
995 886 1129 951 nuntius
1144 885 1252 962 venit,
1291 937 1293 941 ,

448 998 626 1082 supplicare
639 1020 707 1068 una
718 1020 795 1067 curn
808 1001 961 1065 fratribus
973 1001 1040 1065 tuis
1054 1019 1119 1063 non
1136 996 1253 1063 destiti.

448 1131 589 1195 quorum
603 1114 733 1198 quidem
745 1113 778 1180 δι
793 1115 907 1193 virtus,
923 1111 958 1178 ἂ
973 1113 1094 1197 pietas,
1114 1110 1148 1177 &
1162 1131 1254 1176 arnor

449 1225 486 1290 ir
502 1233 535 1291 te
551 1224 736 1311 fingularis,
761 1225 795 1292 δι
813 1226 931 1293 affidus
948 1225 982 1292 δι
1002 1222 1253 1309 perpetuarum
1364 1232 1366 1239 ’

446 1337 561 1405 salutis
568 1347 636 1406 tuac
648 1350 780 1406 tanturn
789 1341 932 1426 proficit,
949 1347 986 1408 ut
997 1340 1077 1405 nihii
1091 1337 1146 1416 fit,
1167 1339 1254 1421 quod

449 1470 516 1519 non
536 1455 637 1538 ipsum
659 1457 816 1524 Caesarem
838 1456 1042 1524 tributurum
1061 1452 1254 1524 existima·
1330 1545 1332 1549 .

449 1563 515 1632 Sed
538 1566 561 1632 fi
585 1571 709 1636 tardius
733 1570 792 1650 fit,
814 1591 911 1657 quana
934 1572 1104 1649 volumus3
1128 1567 1255 1652 magnis

446 1682 719 1763 occupationibus
738 1684 827 1767 ejus,
852 1704 872 1753 a
888 1706 952 1769 quo
968 1685 1076 1749 omnia
1090 1690 1256 1766 petuntur*¹

404 1780 406 1785 ¹
447 1791 561 1858 aditus
575 1797 615 1861 ad
630 1815 705 1860 eum
720 1795 920 1864 difficiliores
934 1799 1086 1875 fuerunt3
1110 1796 1143 1861 oz
1160 1794 1255 1860 fimul

413 1932 416 1943 ¹
448 1905 615 1972 Africanae
627 1907 728 1972 causae
740 1909 870 1989 iratior,
893 1908 1015 1976 diutius
1031 1909 1112 1977 velle
1127 1907 1257 1973 videtur

450 2041 509 2085 eoa
525 2019 650 2085 habere*
661 2020 832 2102 sollicitos,
854 2022 1009 2108 aquibus
1027 2021 1057 2087 ie
1073 2027 1168 2106 putat
1184 2019 1258 2085 diu·

448 2134 651 2199 turnioribus
670 2134 733 2202 effe
758 2137 912 2204 molestiis
936 2133 1171 2203 conflit'taturn.
1204 2133 1257 2200 sed

449 2249 514 2315 hoc
532 2248 635 2332 ipsum
655 2251 866 2336 intelligimus
885 2272 961 2320 eurn
983 2250 1128 2338 quotidie
1147 2249 1258 2318 remis·

449 2358 517 2426 lius
536 2362 571 2429 ἃ
594 2366 754 2449 placatius
775 2367 872 2433 ferre.
917 2366 1030 2443 Quare
1048 2366 1256 2441 mihicrede,

452 2474 489 2541 δι
509 2480 676 2544 memoriae
697 2482 835 2560 manda,
857 2501 911 2547 rne
932 2480 993 2547 tibi
1014 2480 1048 2547 id
1068 2476 1256 2555 affirmaffe,

449 2596 485 2654 te
514 2591 637 2657 inistis
663 2594 818 2661 molestiis
844 2595 969 2662 diutins
994 2614 1061 2659 non
1092 2595 1256 2659 futurum.

451 2703 610 2784 Quando,
633 2707 712 2790 quid
735 2708 910 2789 sentirem,
933 2707 1080 2790 exposui3
1104 2704 1181 2792 qnid
1200 2723 1258 2768 ve-

450 2818 508 2884 iiru
530 2827 589 2882 tna
608 2820 725 2901 causa,
748 2842 784 2886 re
803 2822 939 2906 postus,
970 2840 1069 2905 quarn
1090 2816 1262 2894 orations)

449 2933 631 2997 declarabo.
664 2932 723 3014 δι,
745 2932 769 2998 fi
787 2942 917 3001 tanturn
936 2931 1073 3019 possem,
1096 2936 1257 3015 quantum

450 3045 487 3111 in
508 3066 546 3109 es
558 3047 738 3131 repulsura,
762 3049 802 3112 de
816 3069 880 3142 qua
893 3050 940 3114 ita
954 3049 1023 3113 sum
1039 3045 1174 3112 meritus
1183 3089 1194 3123 ,
1215 3048 1256 3111 ut

450 3165 488 3222 tu
505 3161 686 3240 existimas,
707 3159 794 3247 posse
809 3162 985 3240 debebam
1009 3182 1051 3228 ne
1068 3169 1107 3226 tu
1125 3159 1258 3244 quidem

449 3272 485 3336 ln
499 3272 565 3337 iliis
580 3275 795 3342 Incommodis
811 3275 903 3343 effes.
924 3275 1048 3342 Eadem
1063 3276 1150 3341 enim
1166 3275 1259 3341 causa

454 3405 531 3467 opes
549 3405 637 3453 aneas
652 3389 768 3473 fregit,
791 3411 866 3474 quae
883 3400 982 3491 ,tuam-
996 3390 1130 3459 salutem
1146 3389 1181 3453 in
1196 3389 1259 3455 dis·

453 3496 734 3575 remanserunt.
777 3485 1264 3593 scotanen‚qu1aqu1rina·‘
1380 3592 1382 3594 ,
