3459 4075
667 431 743 533 an
787 424 1142 497 nonavnvn.
1267 441 1312 514 47

343 623 371 643 ·
449 646 453 655 ,
496 606 690 675 >doiorevix
711 603 847 689 poffum.
894 605 993 682 Quod
1011 606 1051 677 de
1070 604 1185 683 Quinti
1201 604 1310 669 fratria

508 721 638 804 negotio
656 719 783 798 scribis,
806 730 840 783 te
852 721 958 803 priore
972 717 1098 795 aestate,
1120 720 1208 802 qnod
1222 739 1309 783 mot-

343 849 363 866 ·
406 891 413 898 .
512 840 553 902 bo
569 834 741 918 impeditus
755 833 791 898 in
807 834 953 898 Ciliciam
966 853 1031 899 non
1043 831 1219 910 inanimis,
1235 853 1313 897 con-

343 962 360 980 ·
467 951 488 1027 (
512 949 611 1013 ficere
631 952 697 1012 non
714 933 868 1030 potniffe3
891 967 980 1012 nuno
1002 957 1112 1012 autom
1134 948 1243 1011 omnia
1265 948 1315 1010 fa·

515 1060 666 1135 Rarum,
678 1068 716 1125 ut
732 1059 906 1139 conficias3
929 1061 962 1127 id
976 1060 1053 1125 scito
1066 1060 1128 1126 effe
1144 1060 1315 1143 ejusmodi,

517 1184 555 1239 ut
570 1176 671 1239 frate!
684 1193 776 1239 meus
795 1194 870 1254 vore
887 1174 1061 1250 existimet,
1084 1172 1235 1258 adjnniio
1254 1173 1315 1238 isto

515 1289 637 1364 fundo,
657 1288 886 1370 patrimonium
903 1290 974 1354 iore
991 1288 1083 1354 sunm
1107 1308 1163 1371 per
1180 1294 1214 1351 te
1237 1308 1315 1352 con-

514 1401 675 1469 stitutum.
706 1401 761 1491 T¹.¹
773 1422 826 1467 me
842 1405 882 1466 de
895 1404 962 1468 tuis
978 1388 1073 1468 rebus¹
1087 1403 1256 1477 omnibus,
1279 1399 1315 1467 ὅτ

515 1518 556 1581 de
570 1501 701 1580 Leniuli
717 1515 766 1579 tui
785 1515 949 1600 nostrique
968 1517 1078 1582 studiis
1100 1515 1135 1580 δι
1158 1515 1318 1585 exercita-

409 1633 411 1636 ’
514 1630 677 1709 tionibus,
697 1631 795 1695 velim
816 1650 913 1715 quam
937 1629 1174 1695 familiariffime
1197 1629 1318 1694 certio·
1377 1710 1382 1721 ι

517 1742 641 1822 rem&
652 1761 750 1828 quam
767 1739 927 1827 saepiffime
940 1744 1058 1823 iacias3
1081 1746 1318 1828 existimesque,

518 1859 680 1922 neminem
703 1860 856 1941 cuiquam
882 1878 988 1942 neque
1012 1861 1187 1936 cariorem,
1210 1847 1319 1943 neone

456 1978 459 1982 '
517 1970 743 2055 jucundiorem
758 1991 910 2054 nmquam
926 1970 1033 2048 fuisse,
1056 1946 1154 2052 quam
1170 1980 1203 2035 te
1219 1970 1317 2047 mihi;

413 2118 417 2122 ·
453 2079 478 2128 ⁴-
518 2086 617 2167 idque
637 2105 707 2160 me,
731 2106 796 2150 non
817 2088 914 2148 modo
934 2092 969 2147 ut
987 2093 1024 2146 tu
1045 2084 1181 2160 sentias,
1203 2084 1254 2147 sed
1279 2097 1319 2149 nt

392 2185 414 2292 ζ
520 2220 631 2266 omnes
645 2208 777 2281 gentes,
796 2198 896 2263 etiam
914 2209 953 2263 ut
966 2197 1135 2282 posteritas
1148 2200 1254 2262 omnis
1269 2198 1321 2262 in-

417 2334 422 2338 ·
519 2316 666 2398 telligat,
689 2314 751 2377 eiie
765 2311 940 2396 fastorum.
970 2312 1097 2396 Appius
1116 2314 1149 2376 in
1168 2313 1321 2377 sermoni·

393 2509 399 2516 .
520 2431 580 2505 bus
599 2441 694 2493 antea
720 2426 888 2492 distitabat
900 2473 911 2504 ,
940 2425 1047 2511 postea
1064 2427 1145 2490 dixit
1165 2428 1263 2508 etiam
1286 2427 1321 2490 in

520 2543 630 2608 senatu
640 2543 764 2625 palam,
787 2542 849 2607 sese
857 2540 904 2618 ,‘fi
918 2541 1046 2610 licitum
1060 2540 1136 2605 offet
1145 2542 1322 2624 legemvcu·

420 2727 430 2736 ἃ
520 2658 633 2719 riatam
646 2659 740 2732 ferre,
750 2656 937 2723 sortiturum
948 2652 1010 2720 effe
1021 2676 1096 2720 cum
1111 2657 1233 2737 collega
1245 2675 1323 2738 pro·

522 2770 680 2840 vinciam:
704 2768 727 2830 fi
744 2769 870 2858 curiata
883 2770 936 2833 lex
952 2789 1017 2832 non
1032 2769 1125 2844 esset,
1143 2770 1173 2832 se
1189 2777 1323 2851 paratu-

521 2899 611 2955 rum,
633 2882 757 2962 tibique
776 2880 1015 2948 successurum:
1038 2883 1142 2964 legem
1163 2882 1322 2945 curiatam
1367 2863 1370 2868 ⁸

522 2991 642 3055 consoli
657 2993 734 3063 ferri
746 3013 829 3077 opus
844 2994 908 3059 eiie
917 3042 928 3074 ,
951 2995 1074 3060 neceffe
1089 3016 1153 3059 non
1169 2993 1247 3060 effe:
1271 2994 1322 3072 se,

492 3100 494 3104 ’
521 3105 673 3186 quoniam
693 3128 734 3171 ex
753 3106 1026 3175 senatusconsulto
1049 3110 1245 3193 provinciam
1263 3110 1324 3173 ha·

522 3216 638 3295 beret,
660 3221 732 3303 lege
752 3222 900 3290 Cornelia
922 3205 1093 3306 imperium
1114 3224 1325 3300 habiturum,

448 3379 451 3384 .
522 3334 629 3412 quoad
644 3332 678 3397 in
692 3337 805 3401 urbem
822 3334 991 3401 introiffet.
1026 3338 1116 3420 Ego,
1140 3338 1216 3421 quid
1234 3339 1274 3401 ad
1289 3347 1325 3402 te

523 3451 655 3512 morum
681 3449 818 3550 quisque
838 3449 1087 3517 necessariorum
1111 3452 1244 3528 scribat,
1268 3473 1326 3514 ne-

524 3555 614 3638 scio3
638 3559 744 3625 varias
767 3561 829 3629 effe
849 3564 1018 3649 opiniones
1042 3566 1200 3649 inteuigo.
1233 3563 1326 3655 sunt,
