3459 4075
488 397 552 445 220
583 369 954 441 EPISTOLARVM
984 371 1077 441 LIB.
1101 372 1219 445 xm.

470 587 473 603 ·
487 550 581 614 caula
594 548 711 614 factare
725 547 778 612 sed
790 547 822 612 id
830 547 936 630 ,quod
949 563 1020 612 mea
1032 545 1193 632 intelliges
1201 593 1212 627 ,
1221 534 1284 614 toi·

487 664 608 728 nullum
623 662 657 723 in
670 666 805 742 partem,
817 677 890 724 mea
901 662 1038 724 multum
1055 660 1280 740 iutereii'e,ite
1331 723 1334 732 ,

484 776 564 841 mihi
579 774 655 849 des,
676 768 790 849 nubi,
808 785 846 837 ut
860 774 895 837 ld
909 772 1048 840 libenter
1061 773 1179 852 tactas,
1203 783 1279 840 onte

481 886 681 971 persuaseris.
747 885 829 951 Cum
853 883 991 951 Patrone
1014 887 1173 970 Epicureo
1198 886 1280 952 mihi

484 1001 592 1062 omnia
610 998 701 1062 sunto
731 997 786 1061 nist
805 1002 891 1083 quod
913 999 948 1061 in
965 997 1161 1082 philosophia
1179 1000 1279 1065 vehe-

482 1120 608 1177 menter
624 1113 663 1177 ab
676 1131 715 1176 oo
728 1108 883 1176 diiientio.
912 1108 975 1174 Sed
989 1110 1128 1178 &initio
1144 1112 1276 1190 Romae,

481 1247 557 1290 curn
583 1236 617 1289 te
639 1226 768 1307 quoqu'e
790 1222 824 1289 ἀ
843 1233 917 1289 tuor
935 1243 1047 1290 omnes
1071 1224 1276 1303 obseruabat,

480 1361 532 1405 me
547 1338 649 1402 coluit
665 1335 827 1421 inprimis3
849 1334 885 1404 δι
899 1356 1019 1432 nuper,
1038 1357 1114 1402 cum
1131 1356 1189 1417 eo,
1201 1358 1277 1422 quar
1297 1391 1302 1398 ,

427 1477 430 1482 ·
480 1429 666 1522 voluitede
691 1449 755 1517 iuis
780 1449 957 1514 commodis
981 1447 1176 1533 &praemiis
1198 1469 1277 1516 con·

477 1567 603 1629 secutus
627 1561 691 1638 est,
713 1549 770 1626 me
786 1562 900 1626 habuit
922 1563 1050 1627 suorum
1074 1564 1274 1629 defensorum

398 1726 411 1733 ,
480 1676 515 1743 &
532 1676 708 1758 amicorum
722 1677 790 1740 fere
805 1676 998 1760 principem:
1022 1675 1057 1740 δι
1072 1675 1136 1760 iam
1152 1676 1273 1742 aPlrae·
1336 1665 1339 1669 ’

477 1791 556 1865 dro,
580 1788 636 1871 qui
654 1786 767 1864 nobis,
792 1808 866 1852 cum
887 1789 981 1870 pueri
1002 1787 1137 1854 essemus
1145 1835 1155 1866 ‚
1178 1800 1273 1856 ante·
1309 1793 1317 1812 ⁸

475 1921 572 1985 quarn
588 1902 752 1965 Philonem
767 1902 992 1983 cognovimus,
1010 1885 1128 1979 ualde,
1149 1914 1187 1966 ut
1201 1904 1273 1989 phi-

474 2016 646 2098 losophus,
668 2012 775 2097 postea
796 2023 929 2090 tamen,
950 2022 991 2079 nt
1015 2015 1065 2081 vir
1085 2015 1211 2096 bonor,
1235 2015 1271 2085 δι

474 2129 606 2207 suavis,
633 2127 667 2193 δι
684 2125 841 2191 officiosus
862 2124 1079 2210 probabatur,
1105 2131 1270 2209 traditus,

473 2242 616 2324 mihique
627 2242 873 2305 ¹commendatus
885 2239 941 2306 est.
986 2243 1020 2307 Is
1037 2242 1138 2324 igitur
1152 2243 1269 2322 Patro,

474 2357 607 2416 eumad
629 2375 679 2416 rue
696 2353 832 2417 Romam
847 2354 973 2418 litteras
996 2353 1141 2431 millet,
1164 2357 1212 2419 uti
1233 2364 1269 2421 te

471 2465 528 2530 fibi
546 2465 723 2546 placerem,
741 2474 968 2548 peteremque,
993 2474 1046 2543 ut,
1068 2464 1171 2529 nescio
1187 2440 1267 2549 quid

470 2580 550 2644 illud
569 2577 699 2657 Epicuri
719 2558 950 2659 parietinarum
969 2576 1025 2642 fibi
1047 2577 1238 2642 concederes
1255 2601 1269 2658 ς

471 2694 552 2759 nihil
571 2687 673 2772 scripfi
689 2693 728 2754 ad
745 2699 779 2753 te
797 2690 838 2754 ob
854 2708 927 2756 eom
940 2710 1038 2768 rem,
1061 2692 1148 2776 quod
1162 2690 1269 2756 oedifi-

403 2804 406 2817 '
469 2808 606 2870 cationis
627 2814 690 2866 ture
707 2802 874 2868 confilium
896 2824 968 2870 mea
989 2804 1268 2872 commendatione

469 2921 618 2983 nolebam
636 2917 795 3000 impediri.
839 2918 952 2996 Idem,
974 2927 1011 2982 ut
1024 2919 1097 2984 veni
1107 2918 1266 2997 Athenas,

469 3054 566 3108 cum,
588 3033 673 3095 idem
690 3036 726 3093 ut
741 3018 781 3092 ud
793 3035 827 3108 te
842 3029 1029 3108 scriberem,
1050 3027 1207 3113 rogaffet3
1224 3032 1264 3097 ob

468 3165 538 3209 erm
556 3144 680 3207 causam
692 3141 894 3226 impetravit,
917 3145 1003 3227 quod
1021 3151 1053 3209 te
1067 3141 1213 3225 abjecisse
1226 3144 1268 3208 il·

457 3258 532 3319 uam
562 3255 811 3318 aedificationem
843 3255 1008 3320 constabat
1035 3257 1121 3321 inter
1153 3276 1264 3321 omnes

468 3367 590 3430 amicos
604 3375 689 3430 tuos.
714 3368 811 3443 Quod
824 3366 848 3431 fi
860 3369 909 3432 ita
925 3367 986 3446 eit,
1001 3365 1036 3434 &
1053 3367 1076 3432 fi
1090 3369 1158 3452 jam
1171 3370 1263 3453 plone

465 3488 522 3546 tua
533 3479 614 3546 nihil
627 3481 772 3562 interest,
785 3482 881 3552 velim
889 3526 900 3562 ‚
914 3480 938 3546 fi
953 3499 1018 3569 que
1034 3479 1263 3579 offenfiuoculr
