3459 4075
482 356 523 427 gr,
590 344 967 413 urrsrocruvu
1002 348 1102 413 cru.
1140 349 1189 417 x.

489 526 521 589 dr
534 526 699 598 maximae,
716 519 873 587 sortissrml
888 520 1004 597 animi,
1019 520 1212 607 summique
1226 544 1292 590 ccr-

491 639 568 713 filim
591 646 661 698 tum
686 637 784 699 etiam
807 635 966 716 gravitate
991 634 1235 703 sententiarum
1254 648 1294 703 ιῐ·

491 770 553 834 que
571 753 753 812 verborum.
799 746 879 823 Sed,
903 748 948 810 mi
967 748 1104 825 Plance,
1129 750 1294 829 incumbe,

492 874 528 926 ut
548 865 622 926 belli
641 875 785 926 extrema
804 860 964 943 perficias.
994 860 1028 923 in
1044 861 1110 924 huc
1131 865 1202 929 erit
1221 865 1295 931 sum·

492 996 545 1041 ma
558 977 589 1039 ἃ
606 978 707 1057 gratia
721 975 755 1040 δι
768 976 880 1056 gloria.
899 974 1001 1057 Cupio
1017 974 1130 1038 omnia
1146 978 1296 1064 reipubli-

494 1111 541 1152 cae
562 1091 680 1151 causa:
714 1089 789 1165 sed,
813 1088 1039 1163 mehercules,
1061 1086 1098 1149 in
1117 1108 1160 1153 ea
1178 1092 1297 1157 conscr-

493 1207 597 1266 sunda
613 1205 674 1284 jam
695 1203 911 1282 defatigatus,
936 1220 1001 1262 non
1017 1202 1125 1264 multo
1148 1198 1227 1286 pluis
1247 1224 1297 1289 pa.

493 1318 564 1379 triae
583 1320 695 1390 saveo,
720 1335 816 1396 quam
838 1324 906 1377 tuae
927 1313 1057 1395 gloriae3
1081 1313 1181 1397 cuius
1202 1318 1299 1382 maxi.

494 1452 577 1492 mam
596 1431 784 1492 sacullatem
800 1429 858 1492 tibi
877 1428 922 1491 dii
936 1428 1155 1509 immortales,
1178 1442 1222 1493 ut
1236 1431 1299 1515 spe·

495 1565 553 1619 ro,
585 1545 731 1618 dedere;
760 1560 858 1622 quam
886 1538 1126 1624 cumpledtere,
1157 1524 1298 1609 ebsecro.

496 1659 563 1731 Qui
582 1658 667 1719 enim
686 1654 866 1717 Antonium
885 1651 1085 1736 oppresserit,
1108 1654 1300 1725 ishocbel-

494 1772 560 1835 lum
585 1770 785 1834 teterrimum
808 1764 1171 1854 periculofillimumque
1192 1771 1300 1836 cense-

493 1888 586 1950 cerit.
1101 1902 1105 1907 ·
1138 1874 1153 1889 ⁵

590 2055 853 2123 CICERO
906 2054 1205 2125 PLANCO.

721 2169 835 2252 (Anno
862 2170 904 2237 V·
924 2170 958 2235 C.
977 2173 1068 2255 710).

492 2352 547 2397 20.
571 2269 624 2394 Is
635 2354 659 2395 A
677 2340 771 2396 erant
786 2335 915 2408 omma,
931 2352 1004 2417 quae
1016 2333 1106 2398 istinc
1119 2331 1302 2400 affereban-

493 2453 562 2522 tur,
585 2446 725 2521 incerta,
749 2453 805 2524 ut,
827 2449 903 2529 quid
919 2449 960 2512 ad
976 2458 1010 2512 te
1024 2445 1212 2522 scriberem,
1230 2469 1299 2514 nun

493 2568 690 2622 occurreret.
727 2559 823 2620 Modo
838 2559 944 2635 enim,
970 2579 1040 2645 quae
1055 2557 1230 2635 vellemus,
1253 2563 1298 2625 de

494 2675 632 2757 Lepido,
655 2673 749 2734 modo
769 2679 881 2736 contra
900 2673 1140 2738 nuntiabantur.
1185 2671 1237 2736 De
1261 2682 1298 2739 te

490 2800 598 2853 tamen
616 2788 701 2849 sama
720 2785 884 2864 constans,
904 2808 964 2852 nec
982 2785 1088 2870 decipi
1105 2783 1212 2870 polle,
1235 2807 1298 2851 nec

492 2906 597 2978 vincl3
621 2921 761 2984 quorum
783 2903 917 2968 alterius
939 2904 1071 2966 fortuna
1093 2909 1218 2982 partem
1239 2902 1299 2965 ha·

492 3019 547 3082 bet
561 3019 738 3099 quandam
762 3016 899 3080 alterum
916 3015 1083 3098 proprium
1097 3012 1143 3076 est
1155 3015 1299 3096 pruden-

491 3128 545 3190 tiae
566 3139 642 3191 tuae.
688 3125 750 3192 Sed
772 3128 882 3211 accepi
896 3131 1018 3193 litteras
1034 3145 1054 3190 a
1070 3127 1197 3211 collega
1217 3134 1298 3206 tuo,

490 3241 581 3301 datas
601 3243 710 3305 ldibus
728 3241 842 3322 Maiis:
865 3241 899 3304 in
914 3244 1031 3325 quibus
1046 3249 1134 3318 erat,
1157 3251 1191 3304 te
1205 3240 1246 3302 ad
1261 3244 1296 3304 se

488 3351 658 3433 scripfisse,
688 3373 707 3418 a
734 3340 854 3439 lepido
882 3374 947 3419 non
974 3356 1074 3439 recipi
1095 3351 1294 3418 Antonium.

488 3461 585 3538 Quod
598 3468 659 3530 erit
674 3468 813 3551 certius,
836 3467 906 3536 situ
925 3469 966 3534 ad
981 3488 1042 3535 nos
1058 3469 1145 3537 idem
1158 3465 1297 3550 scripse·
