3459 4075
668 403 1157 487 ΑυιΕΝΤνινΜ.Γ
1264 355 1288 495 ξ

456 570 458 573 ’
481 579 572 663 perio
589 558 673 651 first.v
704 580 748 644 ld.
766 580 902 645 Bibulur
917 586 984 647 tres
1001 582 1124 665 legator
1144 582 1287 647 decernit

483 711 524 757 ex
547 694 604 771 iia,
626 694 684 777 qui
704 694 823 777 privati
846 693 918 759 fiot.
965 696 1054 761 Huic
1072 672 1286 768 assentiuntur

483 806 600 889 reliqui
625 807 830 888 consulares,
859 814 977 892 praeter
1001 808 1176 876 Servilium
1188 854 1199 887 ,
1227 809 1285 892 qul

467 921 614 983 omnino
628 923 737 985 reduci
749 925 846 1003 negat
859 929 1008 1006 oportere
1013 947 1024 1001 3
1044 924 1078 989 dr
1089 922 1285 1001 VolcatIum‚
1308 960 1311 969 =

481 1033 557 1116 qni,
579 1034 670 1118 Lupo
690 1036 869 1115 referente,
892 1036 1045 1120 Pompeio
1062 1038 1224 1114 decernit3
1249 1035 1285 1101 dr

467 1149 668 1225 Afranium,
692 1150 747 1232 qui
766 1147 932 1213 assentitur
949 1149 1120 1215 Volcatio:
1143 1168 1214 1233 quac
1231 1169 1284 1215 rea

441 1237 444 1248 ’
468 1270 577 1342 auget
596 1262 804 1345 suspicionem
820 1261 965 1345 Pompeii
982 1250 1169 1327 voluntatis.
1207 1281 1284 1326 nana

467 1376 726 1441 adnectebantur
761 1374 915 1457 Pompeii
932 1376 1108 1441 familiares
1137 1374 1284 1439 asi'entlre

477 1485 641 1553 Volcatio.
682 1490 865 1555 Laboratur
882 1488 1102 1554 vehementer.
1130 1487 1303 1559 inclinata.

475 1620 529 1665 rea
544 1601 601 1665 est.
639 1602 772 1667 Libonis
785 1603 819 1667 δι
834 1601 969 1687 Hypsaei
978 1622 1043 1667 non
1054 1602 1192 1669 obscura
1206 1620 1295 1680 conq

477 1715 617 1779 curiatio
641 1715 676 1781 &
696 1717 887 1793 contentio,
910 1695 1119 1822 omniumque
1140 1712 1284 1796 Pompeii

475 1829 684 1891 familiarium
697 1828 854 1903 studium,
878 1828 913 1892 in
928 1847 1001 1892 eam
1016 1827 1199 1911 opinionem
1212 1845 1282 1891 rem

477 1940 704 2014 adduxerunt,
726 1947 763 2001 nt
781 1940 953 2020 Pompeius
973 1959 1090 2020 cupere
1113 1940 1281 2003 videatur:

476 2053 533 2126 cul
553 2051 610 2132 qui
630 2051 763 2127 nolunt,
780 2049 885 2114 :iidem
900 2050 978 2127 tibi,
1000 2052 1085 2132 quod
1100 2070 1175 2135 eum
1188 2067 1285 2112 orna·

477 2162 535 2238 sii,
558 2182 624 2226 non
646 2162 718 2226 sant
738 2160 848 2227 amici.
893 2162 964 2228 Nos
980 2162 1014 2226 in
1033 2162 1126 2226 causa
1143 2159 1285 2227 austori-

452 2283 576 2340 .·tatem
591 2296 631 2340 eo
646 2275 802 2341 minorem
818 2275 988 2351 habemur.
1011 2278 1096 2360 quod
1110 2277 1170 2359 till
1187 2276 1286 2341 debe·

475 2410 561 2455 mus.
594 2390 740 2453 Gratiam
755 2389 1023 2454 autem'nostrarn
1037 2389 1212 2472 exstinguit
1224 2388 1285 2451 ho·

469 2505 600 2567 minum
614 2491 767 2584 suspicio,
790 2505 879 2585 quod
894 2503 1048 2587 Pompeio
1063 2504 1093 2567 se
1110 2499 1285 2586 gratificari

474 2625 602 2700 putant.
638 2614 684 2679 Ut
698 2617 730 2679 in
748 2617 843 2708 rebus
858 2618 962 2681 multo
978 2624 1071 2693 ante,
1093 2634 1191 2703 quam
1209 2633 1286 2696 pro·

474 2727 581 2796 scitur
596 2751 653 2807 ea,
675 2732 715 2794 ab
732 2729 797 2812 ipso
812 2747 907 2812 rege,
931 2729 965 2794 dr
980 2732 1019 2795 ab
1030 2729 1211 2831 intimir'c
1226 2728 1287 2792 do·

450 2843 614 2907 'mesticia
645 2842 787 2924 Pompeji
815 2843 900 2906 clam
924 2842 1144 2918 exulceratio,
1168 2840 1284 2905 deinde
1322 2846 1330 2863 '

471 2957 581 3040 palam
600 2975 619 3018 a
642 2954 861 3019 consularibus
884 2956 1053 3037 exagitatis
1060 2999 1070 3031 ,
1092 2953 1127 3018 ἂ
1149 2954 1183 3016 in
1199 2953 1286 3016 sum·

474 3087 562 3131 mam
576 3069 732 3132 invidiam
746 3067 915 3144 addusria,
938 3069 984 3131 ita
999 3067 1171 3134 versamur.
1203 3064 1286 3130 Nos·

441 3188 452 3209 ’·
474 3188 559 3243 tram
574 3180 671 3245 fidem
686 3202 819 3257 omnm
836 3199 982 3246 amorem
992 3183 1042 3246 tui
1055 3181 1286 3262 absentiaprae·

472 3292 636 3374 lentisque
645 3337 655 3369 ,
678 3289 730 3359 tui
751 3294 954 3377 cognoscent.
999 3293 1033 3359 Si
1047 3276 1123 3360 esset
1138 3295 1173 3368 in
1187 3293 1229 3356 iia
1244 3291 1287 3355 fi-

448 3431 451 3437 ·
473 3408 549 3482 der,
571 3405 605 3468 in
620 3397 740 3488 quibua
759 3409 884 3472 summa
899 3407 961 3475 esse
976 3408 1131 3486 debebat,
1153 3427 1219 3471 non
1235 3404 1286 3507 ¹²⁸,

474 3519 680 3586 boraremua.
711 3519 806 3588 Vale.

763 3640 775 3655 a
830 3625 839 3641 κ
1047 3633 1132 3708 Μ
1239 3713 1242 3718 .
