3459 4075
589 383 661 450 au
692 329 736 453 a,
765 376 1132 458 rouQvnrvu.
1199 396 1264 461 219
1375 373 1379 384 ·

459 579 648 628 nervorum.
692 554 727 621 Si
745 555 832 622 enirn
852 556 935 621 bene
955 554 1090 631 sentire,
1112 544 1264 635 resteque

458 677 588 750 iacere,
607 671 681 735 iatie
693 669 738 736 eit
749 651 789 733 ad
802 671 885 737 bene
898 669 1055 749 beateque
1070 668 1262 742 visendum

461 806 597 863 vereor,
618 803 660 850 ue
676 802 768 862 eum,
791 781 848 864 qui
862 781 892 845 se
906 773 1101 863 nptimorurn
1118 776 1266 843 confilio-

463 922 538 966 runr
557 897 747 962 conscientia
767 894 941 962 sustentare
961 892 1078 978 poiirt,
1108 892 1262 957 miserum

464 1013 528 1078 eiie
544 1013 635 1076 nefas
647 1008 686 1075 fit
700 1010 818 1076 dicere.
863 1010 933 1073 Nec
951 1008 1036 1072 eninr
1051 1028 1108 1071 nor
1126 1005 1264 1071 arbitror

464 1123 610 1193 vreorrae
631 1125 773 1207 praemiis
792 1121 927 1199 dustos,
950 1121 1087 1213 petriam
1108 1121 1204 1197 niirn,
1228 1117 1264 1184 dr

460 1238 598 1317 liberos,
621 1238 655 1304 δι
675 1241 821 1305 iortuues
836 1233 1012 1319 reliquisse,
1038 1235 1088 1300 sed
1104 1234 1265 1330 quoddam
1342 1313 1345 1326 y

462 1353 557 1419 nobis
576 1351 721 1418 officium
741 1349 858 1434 iustum
879 1348 914 1416 δι
933 1349 1040 1432 pium,
1064 1347 1098 1412 δι
1118 1347 1264 1411 debiturn

460 1458 674 1548 reipublicae,
697 1464 875 1546 nostraeque
900 1462 1049 1547 dignitati
1077 1449 1265 1528 videbamur
1356 1463 1359 1469 '

462 1578 577 1662 sequte
599 1600 660 1677 nec
671 1564 749 1645 cuna
762 1579 796 1644 id
809 1577 1023 1655 faciebamus,
1045 1585 1114 1641 tarn
1133 1594 1264 1641 eramus
1287 1568 1293 1578 '

463 1692 631 1772 ementes,
653 1701 690 1757 ut
713 1691 879 1774 explorata
901 1691 994 1757 nobis
1015 1690 1093 1753 effet
1115 1689 1264 1760 vibiorie.
1365 1742 1367 1747 ⁴

438 1816 442 1829 ·
465 1805 578 1879 Quare
592 1803 617 1868 fi
631 1805 666 1870 id
680 1804 807 1880 evenit,
829 1804 916 1884 quod
931 1803 1184 1897 ingredientibus
1202 1825 1264 1870 nn·

436 1918 438 1925 '
457 1916 559 1992 bisin
576 1913 911 1998 cauianrprnpnfitum
926 1913 990 1979 iuit
1002 1915 1147 1979 eccidere
1160 1915 1264 1996 pnffer

462 2051 531 2098 non
553 2027 704 2096 debemus
726 2028 773 2094 ite
794 2027 910 2093 cadere
936 2025 1071 2105 animis,
1101 2026 1187 2110 quasi
1205 2029 1265 2095 eli·

463 2144 542 2228 quid
558 2143 713 2221 evenerit,
730 2144 816 2226 quod
830 2140 902 2205 fieri
914 2139 1000 2225 pniie
1012 2160 1191 2225 numquam
1202 2162 1265 2230 pu·
1372 2169 1377 2177 ·

449 2243 611 2323 terimus.
655 2252 1074 2340 Simusigitureamente,
1096 2259 1193 2338 quem
1212 2277 1265 2325 re·
1332 2261 1336 2276 '

461 2371 509 2437 tin
526 2369 560 2437 δι
576 2370 693 2440 veritas
710 2367 903 2455 praescribit,
924 2375 962 2435 ut
976 2367 1056 2433 nihil
1073 2370 1107 2436 in
1122 2372 1188 2438 vite
1203 2394 1264 2440 nn·

461 2484 512 2552 bis
528 2484 763 2567 praestandum,
786 2482 1065 2568 praeterculpern,
1088 2473 1281 2568 putemus,

465 2616 570 2679 eaque
584 2618 655 2663 curn
670 2617 854 2673 careamus,
868 2596 977 2662 onnia
989 2596 1130 2663 humana
1141 2600 1266 2681 placete

464 2708 499 2773 dr
516 2712 681 2778 moderate
701 2714 854 2777 feramus.
897 2696 1009 2793 Atque
1023 2710 1094 2774 hae'c
1110 2732 1149 2773 eo
1167 2713 1266 2793 perti.

461 2825 545 2888 tinet
560 2824 681 2898 oratio,
704 2832 759 2901 ut,
781 2823 915 2907 perditis
929 2823 1026 2888 rebus
1038 2822 1198 2900 omnibus,
1216 2833 1267 2889 ta·

464 2955 540 3001 rnen
557 2934 622 3016 ipsa
639 2936 742 3024 virtus
763 2936 795 3001 se
813 2936 984 3002 sustentare
999 2933 1085 3018 poffe
1103 2936 1262 3005 videatur.

427 3101 439 3136 ·.
461 3046 547 3125 Sed,
571 3045 592 3112 fi
620 3046 665 3113 est
685 3048 754 3131 spes
774 3049 881 3132 aliiue
899 3049 996 3115 rebus
1019 3051 1282 3132 communibus,
1374 3059 1389 3085 -·

462 3171 503 3229 ea
519 3170 574 3237 tu,
597 3162 793 3246 quicumque
808 3160 907 3226 status
922 3161 967 3227 est
988 3163 1134 3252 futurus,
1157 3184 1267 3234 carere
1289 3148 1308 3179 ⁴

462 3296 529 3342 uon
546 3276 656 3341 debesa
692 3278 802 3359 Atque
815 3274 887 3338 haec
903 3274 983 3339 mihi
994 3274 1141 3343 scribenti
1157 3281 1266 3348 renie-

434 3439 439 3446 .
461 3387 520 3455 bet
540 3388 573 3450 in
595 3394 756 3468 ruentem,
778 3410 831 3454 me
852 3408 929 3453 euna
947 3387 1029 3469 effe,
1051 3390 1141 3472 cuius
1157 3402 1194 3456 tu
1209 3395 1266 3460 de·
1297 3384 1304 3396 ⁹

443 3497 678 3585 'sperationem¹
698 3500 846 3573 accusare
858 3502 969 3572 solitus
986 3502 1082 3586 esses,
1106 3523 1267 3592 quemque
