3459 4075
544 470 550 477 ·
695 441 723 487 -’
772 488 775 493 -
818 451 1302 564 anuuurmn.

452 661 459 671 ¹
525 668 528 673 ·
645 633 791 721 leqnor,
814 649 887 715 quae
909 631 1007 714 paulo
1028 641 1104 695 ante
1125 633 1291 716 proposui,
1315 639 1384 697 turn

660 769 727 813 non
743 749 776 810 in
791 743 971 830 postremis,
977 745 1018 810 de
1032 765 1099 829 quo
1114 765 1278 830 coeperam
1292 764 1395 831 expon

661 861 739 928 Non
768 857 913 924 offendes
947 859 1086 923 eundern
1121 861 1285 926 bonorum
1314 860 1399 925 sensu

660 973 819 1051 Lentule,
840 993 941 1058 quern
963 972 1143 1056 reliquisti;
1175 975 1231 1059 qui
1255 974 1399 1040 confirma

661 1077 828 1153 consulatu
842 1085 969 1164 nostro,
984 1106 1227 1172 nonnumquam
1242 1089 1349 1172 postea
1363 1094 1397 1153 in

660 1208 796 1286 ruptus,
817 1197 956 1264 afflruus
984 1209 1061 1264 ante
1083 1210 1117 1264 te
1139 1201 1319 1282 consulem,
1342 1223 1396 1268 rec

399 1361 430 1380 .
519 1348 531 1369 a
660 1323 715 1380 tua
731 1316 788 1380 aba
809 1321 844 1379 te
859 1320 949 1379 totus
970 1313 1034 1391 est,
1057 1319 1146 1378 nun'c
1171 1315 1211 1379 ab
1231 1316 1289 1392 iis,
1312 1319 1399 1400 equi

659 1417 801 1495 tuendus
814 1429 938 1524 iuerat,
961 1426 1152 1494 derelittus:
1175 1429 1325 1512 idemque
1338 1449 1399 1493 non

654 1542 728 1608 ium
752 1543 860 1608 fronte
885 1552 984 1626 atque
1010 1542 1131 1620 vultu,
1164 1543 1281 1628 quibua
1308 1541 1399 1608 srmul

658 1656 814 1723 facillime
837 1654 1028 1734 sustinetur,
1058 1657 1224 1721 declarant
1248 1657 1272 1720 ii
1284 1703 1295 1737 ‚
1317 1658 1399 1742 qui⁴

534 1758 536 1769 ¹
658 1768 767 1835 nostro
793 1771 850 1834 illo
876 1770 961 1834 statu
990 1771 1162 1853 optimates
1190 1771 1399 1837 nominabant

600 1944 601 1948 ,
658 1881 713 1946 sed
731 1885 829 1947 etiam
847 1865 937 1946 sensu
956 1883 1038 1966 saepe
1057 1883 1121 1966 jam
1145 1883 1329 1967 tabellaque
1346 1887 1399 1948 dor

658 2009 748 2059 runt.
793 1997 912 2077 ltaque
935 2001 1006 2057 tota
1022 1995 1088 2077 jam
1113 1993 1303 2077 sapientium
1322 1997 1399 2061 civit

569 2113 573 2128 ⁸
658 2108 791 2193 qualem
806 2127 858 2192 me
877 2105 911 2169 δι
928 2105 991 2169 effe
1004 2106 1038 2171 δι
1054 2108 1218 2170 numerari
1233 2108 1325 2184 volo,
1350 2107 1399 2175 &1

510 2221 521 2239 “
659 2222 781 2299 tentia,
801 2220 841 2285 &¹
853 2220 1024 2297 voluntas,
1047 2228 1175 2285 mutata
1194 2218 1257 2286 effe
1275 2222 1381 2287 debet.

657 2337 746 2403 enirn
758 2336 850 2417 jubet
864 2335 949 2399 idern
963 2334 1019 2399 ille
1038 2334 1149 2411 Plato,
1172 2355 1270 2420 quem
1286 2358 1347 2420 ego
1368 2360 1399 2403 ve

656 2457 783 2517 menter
791 2447 956 2513 auttorem
964 2448 1090 2531 sequor,
1104 2430 1280 2527 „Tantum
1291 2460 1399 2516 conter

655 2565 734 2630 rein
749 2544 930 2647 republica,
945 2570 1103 2647 quantum
1114 2553 1251 2646 probare
1259 2566 1326 2629 tuis
1339 2567 1399 2638 civi

369 2724 384 2758 ,
518 2765 522 2770 q
653 2675 772 2763 poliret
796 2678 861 2742 vim
879 2677 1143 2762 neqpe-parenti,
1166 2695 1274 2761 neque
1287 2680 1399 2762 patriae

654 2792 733 2880 ferri
749 2799 940 2872 oportere„
962 2791 1075 2873 Atque
1086 2790 1168 2853 hane
1179 2791 1308 2874 quidem
1321 2792 1399 2856 illec

655 2905 720 2968 sam
734 2902 808 2980 fibi,
821 2904 883 2977 ait,
898 2893 963 2966 non
978 2902 1174 2988 attIngepdae
1188 2904 1371 2987 reipublicae
1385 2908 1399 2969 l

651 3016 707 3092 [ος
730 3017 816 3098 quod
833 3034 911 3077 curn
927 3011 1105 3079 offendisset
1119 3016 1273 3100 populum
1282 3016 1399 3082 Atheni

529 3192 531 3199 ,
651 3126 719 3192 sem
734 3112 835 3211 prope
852 3126 918 3209 jam
937 3118 1144 3212 desipientem
1159 3126 1344 3210 serenate,
1367 3152 1399 3197 ct

651 3258 718 3324 que
734 3259 811 3305 eurn
828 3261 889 3304 nec
905 3241 1141 3325 persuadendo,
1164 3262 1224 3307 nee
1244 3247 1387 3329 cogendo

650 3352 685 3436 gi
697 3352 784 3436 polle
804 3340 948 3434 videret,
971 3374 1046 3419 cum
1062 3356 1247 3439 persuaderi
1266 3339 1399 3442 possedi

510 3563 512 3566 ι
649 3466 760 3544 deret,
789 3467 862 3551 cogi
877 3470 928 3535 fas
948 3469 1011 3535 effe
1030 3489 1097 3534 non
1116 3473 1336 3567 arbitrq‘retur.
1381 3477 1399 3541 l

542 3608 545 3612 ·
599 3642 619 3679 ι
648 3580 734 3645 natlo
756 3580 819 3648 fuit
838 3582 923 3664 ulit,
947 3586 1052 3670 quod,
1074 3604 1184 3673 neque
1201 3573 1399 3672 desipiente]

1209 3699 1290 3775 Qu
