3459 4075
547 355 616 432 ‚go
651 345 1031 418 nursnonnnvu
1052 347 1150 416 ιω.
1168 347 1271 416 ·x11.

548 528 710 615 publicam
729 544 826 610 quem
848 522 941 590 valde
959 521 1218 606 desperaverint,
1235 521 1283 589 ‘ex
1298 522 1354 588 lit·

549 645 648 720 teris,
671 660 749 722 quas
766 638 893 723 publice
905 635 995 715 miii,
1017 636 1199 720 cognoscet.
1229 635 1266 702 dc
1282 636 1352 720 qui·

551 758 624 819 dem
640 755 745 817 multo
760 752 888 836 parcius
902 747 1017 833 scripu.
1047 750 1156 814 mirari
1168 750 1248 814 noli.
1271 750 1352 814 mire

549 867 595 934 est
610 886 723 931 eorum
737 863 890 930 umentia.
913 882 974 928 nec
991 884 1043 928 me
1055 884 1138 928 meae
1153 862 1233 930 une
1245 863 1351 948 prive-

548 982 612 1044 tim
625 978 753 1061 injuriae
771 995 940 1061 unquam:
964 978 1069 1043 malus
1087 978 1218 1042 unimur
1235 995 1348 1042 eorum

549 1093 584 1157 in
601 1091 736 1155 nostram
757 1091 913 1167 salntem,
936 1091 1097 1173 cupiditas
1115 1089 1252 1173 portium
1269 1090 1349 1154 alin·

548 1224 622 1270 rum
639 1250 649 1282 ,
676 1202 911 1288 perseverentia
926 1202 960 1265 in
980 1202 1220 1287 contemptione
1234 1191 1347 1288 optimi

548 1318 724 1401 cujusque,
747 1318 879 1383 ferenda
892 1315 972 1383 mihi
986 1335 1052 1380 non
1067 1316 1141 1380 fuit.
1160 1333 1223 1380 nee
1236 1320 1346 1390 tumen

549 1451 662 1496 omnes
676 1430 818 1513 perditos
832 1429 896 1493 effe
907 1436 997 1512 puto.
1027 1426 1090 1492 Sed
1103 1427 1200 1492 iidem
1214 1427 1279 1506 illi,
1291 1427 1347 1512 qui

546 1553 619 1608 tum
642 1544 820 1625 fugientem
840 1549 965 1625 patrem
981 1560 1112 1618 meum,
1134 1539 1190 1623 qni
1207 1539 1247 1605 L.
1262 1539 1348 1624 Len,-

545 1658 679 1731 tulum,
706 1656 764 1738 qui
789 1651 1003 1738 Pompeium,
1025 1653 1082 1738 qui
1105 1661 1235 1718 eeteros
1260 1654 1348 1720 viror

545 1766 730 1837 cleriffimor
747 1788 813 1832 non
827 1774 1039 1850 receperunt,
1056 1766 1173 1844 iidem,
1187 1773 1345 1852 tunquam

545 1883 653 1966 :liquo
663 1883 754 1957 dato,
769 1880 803 1946 δι
815 1900 901 1944 nunc
917 1889 975 1943 out
984 1877 1200 1961 magistratum
1214 1887 1345 1962 gerunt,

545 2004 604 2060 rut
622 2016 697 2073 eos,
719 1995 775 2078 qui
794 1993 915 2060 suntin
932 1990 1143 2076 magistratu,
1163 1991 1199 2057 in
1214 1993 1270 2057 sun
1285 1993 1345 2059 hn-

543 2109 622 2177 bent
650 2107 816 2191 potestate.
860 2109 977 2191 ltnque
1003 2108 1115 2171 eadem
1142 2106 1290 2189 superbia
1309 2107 1345 2175 in

541 2223 703 2308 pravitate
731 2227 881 2286 utuntur.
909 2219 1076 2297 .Quorum
1102 2219 1345 2303 improbitatem

518 2336 715 2418 ,aliquando
737 2332 892 2411 retundi,
915 2329 950 2399 du
972 2350 1038 2397 uon
1059 2333 1127 2417 pati
1148 2333 1346 2416 impunitate

541 2446 672 2525 augeri,
689 2467 752 2509 non
762 2446 861 2511 sotum
875 2446 954 2511 utile
966 2443 1011 2511 est
1019 2444 1202 2529 reipublice
1210 2443 1345 2525 nostrae,

540 2556 592 2623 sed
612 2557 712 2622 etiam
727 2556 947 2623 necessarium.
991 2561 1041 2626 De
1054 2555 1159 2621 nestro
1180 2554 1345 2637 dignitate

539 2671 636 2739 velim
655 2670 715 2735 tibi
735 2680 774 2736 ut
793 2669 917 2752 semper
935 2691 1021 2736 ourae
1037 2670 1092 2737 tit:
1114 2666 1169 2748 dr,
1190 2688 1342 2752 quorun·

538 2805 603 2870 que
620 2795 765 2866 ternpore
780 2781 980 2849 occationem
996 2783 1168 2860 hnbnerin,
1190 2779 1225 2848 δι
1242 2781 1276 2877 in
1293 2783 1343 2849 se·

537 2907 635 2977 natu,
649 2896 683 2962 ἂ
697 2897 733 2961 in.
746 2898 861 2963 ceteris
877 2899 971 2963 rebus
986 2897 1078 2962 laudi
1096 2894 1209 2959 nostrae
1227 2893 1341 2961 suffra-

529 3031 623 3095 gere.
669 3010 808 3088 Quando
827 3010 1009 3075 consulibus
1027 3011 1157 3074 decreto
1178 3007 1225 3075 est
1240 3006 1335 3088 ofin,

533 3123 570 3193 ἃ
586 3123 766 3207 permissum
783 3122 828 3187 est
843 3124 904 3202 iio,
925 3130 980 3200 ut,
1002 3125 1082 3187 dum
1097 3118 1155 3204 ipfi
1168 3121 1318 3187 venirent
1324 3165 1337 3200 ,

533 3230 649 3298 darent
666 3236 847 3317 negotium,
864 3233 1038 3319 quiAfiurn‘
1056 3234 1239 3311 obtineant3
1256 3254 1335 3315 rogo

529 3353 582 3422 te,
605 3357 696 3428 petas
714 3350 753 3411 ab
770 3348 811 3411 iis
821 3391 833 3425 ,
856 3357 894 3412 nt
910 3348 992 3412 hano
1007 3346 1196 3430 dignitatem
1207 3344 1337 3431 'potim-

530 3479 622 3541 prnm
635 3459 728 3526 nobis
743 3460 905 3541 tribuent,
919 3457 954 3533 du
968 3459 1049 3537 mihi
1061 3460 1139 3526 dent
1151 3459 1334 3547 negotium,
