3459 4075
404 382 407 389 ·
482 422 495 436 ,,
573 343 1084 416 ancuucaucvu.
1200 357 1246 432 ao

438 520 521 592 'rans
537 523 641 602 dese,
658 526 698 590 de
709 523 870 604 exercitu,
889 525 928 590 de
943 522 1056 607 Lepidi
1068 521 1149 600 fide,
1163 533 1245 607 que-

444 659 587 722 rensque
602 638 642 703 se*
651 637 857 716 destitutum,
875 644 986 720 aperte
997 637 1182 716 denuntiat,
1196 638 1246 702 vi·

403 769 409 831 ζ
445 754 560 830 deam,
583 772 624 818 ae
646 753 759 830 fallar3
781 749 872 816 snam
891 749 989 816 fidem
1004 751 1141 817 solutam
1163 749 1261 828 esse3.

445 866 634 948 reipublicae
654 886 697 930 ne
715 864 823 933 defim.
867 865 1040 949 Exemplar
1053 863 1123 948 ejus
1138 865 1246 948 chito*
1341 843 1343 848 Ι

446 979 559 1061 graphi
572 977 662 1045 Titio
680 977 760 1044 mifi.
804 950 876 1064 Ipsa
892 979 1103 1062 chIrographa
1118 981 1245 1056 omnia,

444 1091 619 1175 &quibus
636 1093 774 1172 credidi,
797 1091 832 1158 δι
847 1113 904 1171 ea,
928 1093 1045 1177 quibus
1060 1093 1158 1157 fidem
1179 1113 1245 1157 non

447 1206 627 1271 habendam
645 1207 777 1291 putavi,
800 1207 897 1293 Laevo
914 1207 1016 1290 Cispio
1039 1207 1122 1270 dabo
1139 1207 1246 1288 perfe-

447 1321 547 1384 renda
555 1367 566 1398 ,
581 1320 637 1406 qui
654 1321 804 1387 omnibus
820 1321 871 1384 his
886 1305 1035 1383 interfuit
1048 1319 1158 1383 rebus.
1181 1320 1247 1381 Ac·

423 1466 425 1478 =
448 1429 536 1497 ceflit
550 1455 606 1513 eo,
622 1443 663 1498 ut
677 1435 798 1498 milites
812 1431 901 1514 ejus,
912 1450 995 1496 ‘cum
1009 1431 1150 1515 Lepidus
1169 1451 1247 1494 con·
1355 1488 1357 1491 ,

448 1546 649 1624 cionaretur,
673 1547 810 1629 improbi
833 1545 956 1626 perse,
982 1545 1125 1627 corrupti
1148 1545 1247 1609 etiam

445 1677 504 1742 per
519 1680 595 1735 eos,
619 1660 676 1740 qui
697 1659 853 1742 praesunt,
876 1657 1046 1735 Canidios,
1068 1658 1248 1723 Rufrenos-

446 1791 534 1858 que,
552 1770 587 1834 dc
602 1778 726 1835 ceteros
736 1816 746 1848 ,
765 1791 865 1854 quos,
885 1791 961 1836 cum
979 1791 1060 1854 opus
1076 1772 1156 1848 erit,
1170 1757 1247 1834 scie·

446 1885 508 1962 tia,
531 1884 761 1948 conclamarint
776 1885 837 1948 viri
852 1886 946 1962 boni,
968 1901 1079 1968 pacem
1097 1882 1130 1948 se
1147 1884 1247 1960 velle,

446 2015 554 2079 neque
579 1993 643 2059 esse
667 2015 741 2060 cum
767 1997 844 2062 ullis
865 2004 1091 2082 pugnaturos,
1109 1996 1250 2072 duobus

443 2109 513 2194 jam
531 2108 714 2186 consulibua
729 2108 940 2193 fingularibus
955 2109 1064 2176 occifis
1072 2158 1083 2190 ‚
1099 2118 1150 2182 tot
1167 2112 1249 2176 civi·

446 2223 507 2288 bus
518 2241 576 2305 pro
587 2223 691 2305 patria
704 2222 830 2303 amidis,
840 2225 981 2291 hostibus
994 2225 1132 2307 denique
1144 2225 1247 2289 omni-

445 2337 512 2403 bur'
531 2323 707 2420 judicatis,
728 2339 888 2422 bonisque
910 2331 1094 2428 publicatio.
1127 2332 1248 2424 Neque
1305 2414 1307 2419 Ι

446 2450 510 2514 boc
538 2458 597 2515 aut
627 2452 808 2517 vindicarat
829 2452 994 2537 Lepidus,
1025 2462 1084 2518 aut
1110 2452 1247 2519 sanarat.

446 2563 524 2628 Huc
546 2585 599 2630 me
613 2566 740 2642 venire,
765 2566 801 2632 dc
816 2569 942 2634 duobus
956 2567 1152 2633 exercitibus
1171 2586 1248 2630 con·

446 2673 568 2760 junstis
586 2676 724 2758 objicere
742 2682 918 2745 exercitum
934 2678 1167 2753 fidelissimum,
1189 2694 1248 2738 au·

446 2785 526 2851 xiiia
537 2784 694 2865 maxima,
717 2775 877 2872 principes
892 2787 1028 2867 Galliae,
1050 2790 1250 2872 provinciam

404 2918 406 2924 ·
448 2897 780 2977 cun&am,sumu1ae
805 2902 975 2966 dementiae
1001 2901 1036 2965 dc
1057 2900 1249 2964 temeritatis

447 3011 511 3079 esse
532 3011 617 3077 vidir
640 3013 805 3098 mihique,
827 3013 851 3076 fi
874 3015 920 3077 ita
944 3011 1105 3095 oppreffos
1132 3010 1250 3090 edem,

441 3104 585 3209 =remque
598 3126 759 3209 publicam
773 3145 903 3192 mecum
919 3124 1141 3211 prodidissem,
1163 3147 1250 3191 mor·

446 3248 506 3304 tuo
527 3258 594 3303 non
616 3220 713 3304 modo
734 3240 910 3318 honorem,
934 3240 986 3305 ted
994 3236 1249 3322 'misericordiam

448 3370 577 3437 qnoque
593 3354 791 3419 defuturam.
835 3355 954 3437 Itaque
973 3354 1136 3420 rediturus
1159 3353 1248 3429 suma

445 3450 509 3533 nec
535 3472 627 3536 tauta
652 3457 946 3573 muneraperditis
963 3463 1155 3537 ,hominibus
1180 3466 1255 3539 dnn
