3459 4075
540 326 566 371 -·
594 334 665 403 no
700 332 779 402 on.
813 328 1084 401 eunucvn.
1133 286 1137 293 ’
1202 333 1245 402 ⁶1

440 482 923 593 edmfflihrexspeuatrffimae
935 508 1247 592 litteraeperferreu·
1296 470 1305 477 ’

399 668 401 684 2
444 634 512 689 tur.
544 625 594 688 Ex
608 625 727 708 quibua
741 622 812 707 cepi
825 619 969 688 frustum
981 622 1162 705 duplicem,
1182 622 1248 689 ml.

399 754 401 802 3
444 738 547 819 hique
562 737 597 800 iu
611 736 850 820 comparatione
864 731 1029 800 difficilem
1046 737 1088 801 ad
1099 731 1247 818 judican⁴
1350 750 1352 755 ·

445 852 541 926 dum,
566 868 750 942 amoremne
761 869 838 933 erga
849 856 1031 933 coetuum,
1047 865 1089 912 au
1103 849 1247 914 animum

446 964 481 1025 in
496 963 726 1052 rempublicam
740 963 843 1047 pluris
855 959 1074 1026 aestimandum
1085 969 1247 1044 putarem.

446 1074 502 1139 Est
520 1075 651 1139 omnino
666 1076 778 1159 patriae
792 1077 913 1140 caritas
922 1121 933 1154 ‚
955 1095 1029 1140 meo
1045 1074 1177 1158 quidem
1196 1074 1248 1155 ju·

447 1188 551 1266 dicio,
567 1188 728 1267 maxima;
749 1189 904 1254 sedamoc
917 1186 1158 1270 voluntatisque
1170 1206 1249 1252 con·

444 1300 568 1386 junttio
589 1302 662 1386 plus
681 1311 769 1367 certe
788 1303 888 1367 habet
910 1299 1087 1366 suavitatis.
1130 1300 1250 1382 ltaque

447 1417 714 1482 commemoratio
740 1424 799 1480 tua
820 1420 963 1498 paternae
985 1396 1249 1490 neceflitndinis,

445 1529 747 1611 benevolentiaeque
760 1527 850 1610 eius,
866 1545 967 1610 quam
982 1545 1058 1610 erga
1071 1545 1124 1590 me
1137 1544 1156 1590 a
1169 1545 1249 1610 pue·
1306 1603 1310 1612 Ι

446 1642 523 1705 titia
537 1640 741 1715 contuliiies,
764 1637 1010 1722 ceterarumque
1023 1657 1148 1717 rerum,
1171 1660 1247 1725 quac
1373 1658 1377 1663 ·

449 1755 490 1818 ad
505 1772 578 1817 eam
597 1753 785 1818 sententiam
797 1753 1016 1836 pertinebant,
1027 1744 1249 1817 incredibilem

447 1865 529 1931 rnihi
548 1865 696 1930 laetitiam
713 1866 904 1930 attulerunt.
939 1864 1060 1933 Rursus
1076 1865 1250 1931 declaratio
1380 1889 1385 1900 ·

451 1977 551 2043 animi
565 1975 627 2055 tui,
636 1998 734 2064 quem
746 1977 881 2044 haberes
898 1980 939 2043 de
953 1978 1130 2063 republica,
1137 1998 1251 2063 quem·

450 2113 514 2177 que
533 2091 701 2182 habiturus
717 2088 815 2170 effes,
837 2093 917 2174 mihi
931 2100 1003 2196 erat
1016 2090 1250 2175 jucundiffima.

442 2204 675 2294 ¹eoquennajor
692 2212 762 2269 erut
778 2205 850 2269 haec
867 2204 1006 2284 laetitia,
1022 2208 1114 2298 quod
1131 2210 1172 2271 ad
1189 2208 1252 2282 ,illa

450 2344 460 2387 a
502 2320 616 2384 eriora
639 2319 823 2385 accedebat.
867 2315 986 2404 Itaque
1004 2327 1038 2385 te
1054 2333 1120 2385 nou
1139 2320 1251 2385 hortor

452 2433 573 2511 solum,
601 2432 646 2497 mi
668 2433 810 2509 Plance,
834 2432 887 2498 led
913 2435 1009 2517 plane
1033 2435 1131 2499 etiam
1151 2455 1251 2518 rogo,
1279 2501 1284 2511 ,

451 2548 537 2630 quod
552 2547 617 2611 leci
631 2547 683 2609 his
695 2547 830 2625 litteris,
846 2547 964 2631 quibus
979 2555 1016 2611 tu
1029 2545 1252 2613 humauilirme

453 2658 660 2740 respondisti,
681 2667 719 2722 ut
740 2666 812 2724 tota
831 2668 962 2738 mente,
984 2662 1138 2744 omnique
1153 2659 1253 2723 animi
1386 2718 1388 2721 ,

454 2770 578 2850 impetu
593 2769 628 2833 in
645 2771 875 2851 rempublicam
890 2772 1068 2837 incumbas.
1090 2770 1183 2838 Nihil
1197 2769 1254 2847 est,

454 2883 542 2964 quod
561 2881 624 2948 tibi
642 2880 755 2963 majori
772 2880 894 2947 frutbui
910 2884 1085 2966 gloriaeque
1106 2882 1169 2949 effe
1184 2883 1255 2971 poi·

454 2993 512 3058 fit:
534 3013 595 3058 nec
613 2994 791 3079 quidquam
808 3014 850 3058 ex
864 2996 1014 3061 omnibus
1028 2998 1124 3060 rebus
1140 2996 1257 3061 buma-

456 3108 508 3174 nis
531 3107 575 3171 elt
597 3107 806 3191 praeclarius,
828 3115 885 3173 aut
907 3106 1110 3192 praestantius
1122 3153 1133 3186 ,
1160 3128 1256 3194 quam

455 3222 496 3285 de
512 3221 675 3305 republica
688 3221 770 3288 bene
786 3222 915 3287 mereri.
944 3222 1050 3286 adhuc
1069 3221 1156 3288 enim
1172 3224 1257 3306 pati-

456 3342 509 3399 tur
524 3343 584 3400 tua
601 3334 726 3400 summa
742 3336 929 3403 humanitas
943 3333 979 3401 ὅτ
993 3334 1163 3420 sapientia,
1185 3357 1237 3399 me
1246 3380 1258 3413 ,

459 3449 547 3529 quod
560 3447 713 3530 sentiam,
734 3450 835 3519 libere
850 3451 969 3517 dicere.
984 3438 1133 3518 bertuna
1145 3446 1258 3517 suffra·
1344 3457 1347 3463 “
