3459 4075
540 367 584 435 50
647 341 1025 430 urrsrourrvu
1058 347 1152 416 um.
1183 350 1254 417 rar.

541 529 662 592 valeas.
691 524 725 588 id
747 523 827 587 foris
849 521 1038 587 coenitando
1060 523 1213 590 facillime
1233 527 1348 591 eonse-

542 661 653 724 quere.
678 636 739 700 Sed
753 655 852 712 cave,
865 634 889 699 fi
904 657 958 700 me
971 654 1077 714 amas,
1087 637 1268 716 existimes,
1279 661 1345 717 me,

542 755 628 837 quod
646 748 783 833 jocosrus
800 749 954 827 scribam,
976 749 1123 833 abjecisse
1146 771 1258 816 curam
1276 753 1345 819 rei-

540 867 690 951 publicae.
723 860 776 926 Sic
794 863 871 939 tibi,
894 864 939 926 mi
959 864 1072 940 Paete,
1094 865 1266 948 persuade,
1289 883 1344 930 m'o

540 983 609 1044 dies
627 978 659 1042 &
670 976 781 1040 nottes
793 976 874 1039 nihil
887 976 974 1039 aliud
992 995 1105 1059 agere,
1118 980 1200 1042 nihii
1212 997 1342 1058 curare,

538 1092 597 1158 nifi
613 1104 651 1156 ut
668 1092 731 1154 mei
750 1091 835 1155 cives
851 1089 928 1153 salvi
943 1089 1099 1174 liberique
1118 1089 1191 1156 fint.
1212 1093 1341 1158 nullum

536 1212 645 1273 locum
660 1204 871 1288 praetermitto
888 1204 1058 1280 mouendi,
1073 1205 1206 1287 agendi,
1228 1207 1341 1290 provi.

537 1322 652 1387 dendi:
675 1319 737 1382 hoc
751 1317 889 1399 denique
904 1317 1010 1380 auimo
1026 1317 1111 1396 sum,
1123 1326 1179 1396 ut,
1192 1318 1216 1381 fi
1227 1320 1261 1381 in
1275 1318 1339 1382 hac

537 1456 614 1499 cura
632 1443 730 1515 atque
748 1429 1018 1494 administratione
1035 1432 1101 1495 vitu
1118 1431 1199 1497 mihi
1213 1445 1338 1516 porten-

536 1554 577 1615 da
589 1547 636 1623 fit,
647 1546 799 1628 praeclare
815 1540 922 1608 astum
934 1558 1062 1609 mecum
1077 1553 1201 1628 putem.
1226 1546 1337 1612 Etiam

406 1739 408 1742 ¹
536 1673 633 1748 atque
647 1661 744 1724 etiam
763 1660 847 1724 vale.

643 1831 843 1899 cicaro
883 1832 988 1897 rur.
1027 1829 1253 1918 PAETO..
1334 1805 1339 1816 '

758 1945 872 2026 (Anno
898 1949 938 2013 V·
957 1947 991 2012 C·
1008 1947 1103 2038 roa)-

530 2135 584 2194 25.
597 2046 637 2174 S
648 2133 709 2175 vm
720 2133 749 2173 Μ
761 2133 782 2174 ν
793 2132 821 2173 m
845 2131 899 2175 me
915 2112 1031 2176 ducem
1045 2111 1163 2176 litterae
1177 2119 1243 2177 tuae
1258 2115 1335 2177 red·

425 2234 427 2239 '
531 2230 650 2292 didere,
667 2226 760 2306 plane
777 2225 974 2304 nesciebam,
986 2234 1020 2290 te
1034 2234 1102 2289 tam
1113 2225 1253 2308 peritum
1267 2224 1333 2290 effe

530 2342 577 2401 rei
594 2338 753 2401 militaris.
799 2339 917 2421 Pyrrhi
933 2347 966 2402 te
981 2340 1081 2403 libros
1103 2336 1137 2403 δι
1156 2338 1264 2402 Cineae
1280 2338 1333 2420 vi-⁴

529 2454 589 2513 deo
615 2448 779 2511 lettitasse.
824 2451 941 2532 Itaque
968 2453 1191 2534 obtemperare
1219 2452 1328 2531 cogito

528 2562 698 2645 praeceptis
716 2561 810 2624 tuis:
841 2563 903 2624 hoc
923 2563 1077 2646 amplius,
1100 2564 1328 2629 navicularum

526 2678 644 2742 habere
659 2674 778 2756 aliquid
791 2673 825 2736 in
841 2694 897 2737 ora
912 2677 1084 2741 maritima.
1108 2686 1218 2741 contra
1231 2677 1327 2758 equi-

526 2802 593 2856 tem
615 2790 765 2853 Parthum
781 2792 901 2871 negant
920 2792 1019 2855 ullam
1041 2801 1237 2855 armaturam
1256 2810 1326 2853 me·
1371 2853 1374 2857 ,

523 2906 637 2969 liorem
664 2903 801 2968 inveniri
826 2901 921 2986 posse.
968 2902 1031 2970 Sed
1053 2905 1130 2986 quid
1153 2901 1325 2967 ludimur?

522 3019 640 3093 nescis,
657 3037 797 3099 quocum
813 3019 1009 3102 imperatore
1020 3018 1078 3081 tibi
1090 3018 1259 3099 negotium
1273 3013 1323 3080 fit.

522 3135 655 3194 πκιδείαν
679 3130 781 3213 Krya,
805 3151 901 3213 quam
925 3131 1140 3195 contriveram
1164 3131 1322 3213 legendo.

520 3253 626 3303 totam
642 3244 674 3304 in
692 3243 754 3306 hoc
770 3242 905 3324 imperio
923 3243 1090 3326 explicavi.
1123 3241 1186 3308 Sed
1197 3241 1322 3325 jocabi-

522 3372 596 3416 mur
618 3355 696 3419 alias
714 3375 842 3433 coram,
865 3364 905 3422 ut
920 3357 1028 3438 spero,
1052 3358 1141 3421 brevi
1161 3365 1320 3436 tempore.

519 3466 616 3531 Nunc
630 3470 706 3534 ades
721 3471 761 3531 ad
776 3469 1012 3552 imperandum,
1022 3470 1073 3536 vel
1087 3473 1127 3534 ad
1141 3469 1320 3553 parendum
