3459 4075
489 387 532 452 40
596 357 972 429 EPISTOLARVM
1006 359 1101 428 mo.
1129 362 1201 428 lx.
1267 319 1301 452 ’χ
1346 379 1349 390 =

492 537 580 603 reita
591 556 668 601 eum
680 554 699 597 a
713 541 807 618 porta
821 535 956 600 domum
966 551 1070 598 meam
1085 533 1216 600 veniffe.
1231 555 1290 600 rre-
1335 615 1340 628 ι

494 672 559 734 que
574 651 633 713 hoc
649 648 806 725 admiror,
821 648 908 731 quod
924 666 988 711 oon
1005 647 1045 710 cd
1059 654 1151 712 tuam
1168 647 1291 732 potiuc;
1334 673 1337 680 ·

495 763 548 826 sed
567 763 665 837 illud,
689 762 774 846 quod
796 778 862 824 non
885 761 925 825 cd
941 759 1042 824 soom.
1086 760 1292 854 Ego-eutem

497 875 608 959 primis
630 875 733 937 tribus
755 873 882 955 verbis,
910 871 999 947 Quid
1022 870 1126 937 noster
1148 871 1293 938 Paetus?

499 988 602 1051 atille
619 985 785 1067 adjurans,
809 984 971 1067 Nusquam
988 984 1020 1049 se
1034 1003 1177 1069 unquam
1191 985 1296 1070 lileri-¹

500 1100 579 1162 tius.
602 1100 674 1162 Hoc
690 1096 711 1160 fi
729 1097 833 1162 verbis
845 1096 1003 1161 offecutos
1021 1116 1075 1171 es,
1094 1078 1188 1162 cures
1203 1101 1244 1165 cd
1259 1107 1296 1163 te

495 1210 631 1304 *afferam
648 1211 833 1297 conminus
853 1211 1028 1310 elegantes.
1055 1207 1100 1273 sm
1115 1217 1223 1276 autem
1239 1211 1297 1278 ob·

502 1325 610 1400 sonio;
633 1333 707 1407 peto
722 1342 740 1385 a
755 1332 806 1401 te,
821 1342 862 1388 ne
877 1322 977 1405 pluris
985 1321 1052 1387 effe
1062 1323 1188 1416 balbos,
1199 1342 1298 1407 quam

501 1439 633 1502 disertos
649 1444 753 1519 putes.
778 1436 830 1499 Me
845 1433 988 1519 quotidie
1006 1436 1091 1499 aliud
1106 1457 1145 1499 ex
1155 1437 1218 1501 alio
1236 1438 1301 1501 im·

504 1550 603 1632 pedit.
633 1546 711 1624 Sed,
733 1546 757 1610 li
776 1567 829 1612 me
845 1548 1033 1630 expediero,
1055 1555 1093 1612 ut
1108 1548 1142 1611 in
1156 1547 1214 1613 ista
1227 1547 1301 1614 loco

504 1662 613 1726 venire
629 1658 755 1742 poffim,
776 1680 842 1724 non
858 1660 1078 1737 committam,
1094 1667 1132 1725 ut
1146 1667 1180 1728 te
1194 1659 1262 1728 sero
1279 1679 1302 1727 m

465 1746 489 1802 ’θ
506 1794 559 1840 me
575 1774 743 1839 certiorem
758 1770 881 1839 fastum
899 1780 1007 1856 putee.
1134 1797 1137 1806 Α

624 1893 1184 2045 crcssropooi'o.

725 2057 838 2141 (Anno
864 2060 906 2127 V.
931 2059 965 2125 C
987 2063 1081 2143 707),

509 2161 877 2294 20Dvrc1crrrc1r
901 2221 1077 2288 delettatuo
1091 2221 1158 2287 sum
1169 2223 1234 2288 tois
1250 2224 1305 2288 lit·¹

508 2339 605 2414 teris,
629 2338 662 2403 dc
679 2340 764 2422 quod
778 2338 845 2422 ipse
863 2335 914 2401 rili
924 2381 934 2415 ,
957 2335 992 2402 oz
1010 2337 1095 2422 quod
1111 2344 1145 2399 te
1160 2337 1306 2401 intellexi
1339 2325 1342 2331 ’

511 2447 575 2530 jam
588 2448 672 2530 posse
684 2450 799 2514 ridere.
821 2449 874 2514 Me
890 2458 1031 2514 autema
1045 2456 1096 2525 te,
1109 2456 1147 2510 ut
1161 2448 1316 2513 scurram·

509 2562 660 2637 velitem,
683 2561 775 2624 malis
799 2568 968 2643 oneratum
989 2559 1071 2635 effe,
1091 2579 1156 2624 non
1173 2559 1306 2625 moleste

511 2675 585 2738 tuli.
607 2675 690 2739 Illud
708 2674 820 2750 doleo,
842 2673 876 2736 in
893 2673 951 2738 istc
966 2675 1038 2740 loca
1053 2673 1162 2739 venire
1175 2693 1244 2752 me,
1266 2680 1306 2737 ut

512 2787 758 2881 copstltueram,
780 2806 845 2851 non
864 2785 1008 2870 potuilie.
1038 2785 1196 2852 habuiffes
1220 2786 1307 2852 enlm

510 2921 577 2966 non
592 2902 763 2985 hospitem,
785 2901 1124 2965 ledcontuberoalem.
1146 2899 1195 2964 At
1211 2919 1306 2984 quem

510 3015 649 3079 virum?
677 3034 741 3078 non
765 3035 858 3090 eum,
882 3033 976 3096 quem
989 3019 1034 3077 tu
1051 3033 1087 3078 es
1106 3012 1218 3100 lolitue
1232 3031 1308 3096 pro·

511 3127 643 3191 mulfide
659 3126 828 3192 conficere.
845 3128 1007 3208 integram
1021 3127 1194 3191 famenod
1209 3142 1308 3191 ovum

510 3237 621 3301 affero.
640 3242 756 3323 Itaque
766 3240 863 3323 usque
878 3241 917 3302 ad
933 3239 1031 3302 alium
1045 3237 1219 3304 vitulinum
1230 3257 1308 3320 ope·

509 3369 547 3417 ra
562 3352 759 3431 perducitur.
789 3353 852 3416 illa
870 3371 958 3430 mea,
982 3370 1054 3434 quoe
1071 3352 1192 3417 solebas
1210 3357 1307 3413 antea

510 3461 668 3540 laudare,
699 3464 729 3527 Ο
753 3446 920 3531 Ιιοωίιιειιί
937 3464 1085 3532 facilem!
1099 3458 1133 3529 'o
1150 3461 1309 3546 hospitem
