3459 4075
464 395 508 463 μ
580 367 958 439 unrstounnun
985 370 1081 438 tto.
1109 327 1162 436 xss

466 549 670 622 muneribus,
686 545 874 630 posteriores
889 547 930 609 ad
944 554 1070 628 tempus
1082 543 1273 610 arbitrium·

468 684 532 746 que
552 663 729 726 amicorum
753 678 899 726 meorum
924 654 1131 742 comperte,
1162 659 1271 723 oratio

469 777 510 839 de
534 796 583 837 me
601 771 737 850 efflue,
760 771 968 856 &perpetua
988 770 1091 864 iurgio
1113 789 1187 836 oum
1209 772 1272 838 ob·

469 887 697 950 trediatoribus
728 894 856 970 propter
887 905 963 959 me,
994 881 1151 947 notiffirna
1187 884 1274 950 mihi

469 1000 552 1065 funt.
585 1019 649 1064 non
668 1002 836 1064 medioorIs
853 997 1030 1063 adhibenda
1054 995 1133 1062 mihi
1149 993 1195 1061 est
1211 1017 1274 1063 cu·

470 1131 529 1190 ra,
560 1125 597 1177 ut
623 1113 807 1194 reipublicae
834 1130 887 1175 me
914 1109 1017 1174 civem
1046 1110 1178 1192 dignum
1201 1111 1271 1177 tuin

471 1226 622 1291 laudibus
647 1224 818 1310 praestem,
840 1222 874 1286 in
900 1221 1042 1285 amicitia
1061 1232 1118 1286 tua
1145 1242 1271 1289 memo·

470 1358 540 1403 rem
570 1350 665 1423 atque
692 1347 830 1422 gratum.
884 1335 980 1410 Quod
1006 1335 1169 1420 reliquum
1195 1336 1272 1418 est,

470 1458 564 1515 tuum
580 1472 697 1517 munus
711 1461 822 1526 tuere,
840 1446 874 1513 δι
889 1468 958 1525 me,
970 1444 1006 1525 fi,
1022 1466 1118 1531 quem
1133 1446 1197 1513 effe
1210 1471 1272 1516 vo·

471 1563 577 1641 luisti,
606 1577 682 1629 eum
707 1564 800 1628 exitu
823 1563 984 1645 rebusque
1009 1560 1191 1642 cognoscis,
1213 1562 1273 1630 de·

473 1675 569 1739 fende
597 1695 635 1738 ac
659 1677 787 1758 suscipe.
832 1674 914 1740 Cum
941 1673 1130 1738 Rhodanum
1159 1675 1270 1759 copias

469 1787 682 1870 trajeciffern,
704 1791 901 1870 fratremque
918 1805 993 1852 cum
1010 1786 1114 1852 tribus
1129 1786 1271 1854 millibus

472 1903 618 1985 equitum
646 1898 887 1984 praemisissem,
917 1897 982 1983 ipse
1011 1899 1075 1964 iter
1106 1901 1146 1965 ed
1170 1902 1273 1966 Muti-

473 2032 549 2080 nam
567 2016 759 2100 dirigerem
782 2016 817 2079 in
830 2014 963 2092 itinere,
980 2013 1021 2079 de
1035 2012 1151 2096 proelio
1165 2011 1273 2096 inito,

472 2129 642 2211 Brutoque
663 2127 697 2194 ἃ
716 2128 839 2193 Mutine
853 2125 1013 2193 obfidione
1029 2126 1188 2204 liberetis,
1211 2147 1277 2195 ou·
1321 2178 1322 2183 η

472 2240 551 2305 divi.
583 2241 828 2319 Animadverti,
851 2241 977 2305 nullum
992 2239 1091 2304 alium
1106 2250 1273 2325 receptum

474 2353 676 2430 Antonium,
700 2354 939 2438 reliquiasque,
968 2370 1140 2437 quaecum
1163 2375 1201 2419 eo
1224 2355 1273 2421 ei·

474 2462 561 2539 sent,
584 2465 721 2542 habere,
744 2463 800 2529 niti
818 2467 851 2528 in
871 2467 922 2531 his
938 2465 1097 2550 partibus;
1125 2464 1272 2548 duosque

473 2577 506 2643 ei
524 2576 592 2658 spes
613 2576 675 2643 effe
695 2575 890 2660 proposrtas,
911 2597 1008 2645 unam
1025 2574 1135 2659 Lepidi
1154 2575 1271 2662 ipfius,

474 2690 608 2755 alteram
629 2692 801 2756 exercitur.
847 2690 945 2767 Quod
962 2688 1107 2775 quedam
1123 2707 1197 2773 pare
1214 2713 1273 2755 ex·

473 2806 594 2869 orcitus
619 2824 682 2868 non
711 2805 819 2870 minus
844 2805 961 2870 furiose
987 2804 1058 2880 est,
1090 2821 1187 2887 quarn
1214 2805 1273 2890 qui

474 2936 548 2981 oum
567 2919 709 2983 Antonio
728 2920 881 2997 fuerunt,
902 2916 1086 3000 equitatum
1107 2920 1272 2985 revocavi.

472 3029 542 3113 Ipse
559 3033 589 3093 in
610 3033 836 3113 Allobrogibus
855 3029 997 3107 constiti,
1019 3034 1058 3093 ut
1074 3029 1210 3112 proinde
1229 3032 1272 3096 ad

473 3147 577 3205 omnia
601 3156 731 3225 paratus
756 3143 875 3222 effem,
898 3161 936 3207 ac
960 3162 1012 3208 ree
1033 3144 1192 3209 moneret.
1234 3140 1273 3210 Si-

470 3260 576 3316 nudus
595 3258 655 3319 huc
671 3258 702 3321 se
719 3257 880 3321 Antonius
901 3259 1067 3349 eonferet3
1090 3257 1187 3321 ireile
1207 3255 1269 3319 rni-

468 3365 503 3428 hi
531 3367 641 3429 videor
667 3388 722 3449 per
749 3389 800 3435 me
826 3368 975 3463 sustinere
996 3368 1101 3454 poii‘e,
1133 3386 1269 3453 remque

467 3479 627 3564 publicam
649 3503 690 3549 ex
716 3482 819 3554 vetra
845 3482 1002 3555 sententie
1026 3479 1266 3583 administrare,
