3459 4075
672 361 751 435 no
795 360 1183 435 nunrvnvns
1231 380 1315 465 ,45

516 559 593 611 eum
610 537 763 628 praefidiie
782 538 822 604 iio
832 586 843 619 ,
865 555 939 654 quae
955 538 1078 625 semper
1092 539 1207 620 habui,
1230 561 1317 607 nunc

513 661 615 725 etiam
625 654 799 741 potentium
809 654 1064 720 benevolentiam
1076 655 1315 738 conjunxissem.

338 807 348 822 ·
469 762 471 767 ’
520 773 586 838 His
601 787 662 853 ego
674 762 827 846 confiliis,
845 766 916 833 fite
930 768 1119 852 praesentem
1130 769 1318 846 habuiffern,

403 903 405 970 j
520 894 560 950 ut
579 882 687 970 opinio
701 884 772 947 mea
788 885 870 959 fert,
893 878 988 947 effem
1003 881 1077 947 ullu
1091 882 1217 949 iisdem'.
1240 884 1319 949 novi

402 1049 408 1072 ,
520 993 1318 1082 euimtemperantiam&moderationemnaturae

339 1128 369 1185 ⁹.
404 1105 412 1172 ⁵·
517 1124 607 1180 tuae:
629 1114 706 1177 novi
721 1112 887 1187 animum,
910 1116 979 1173 turn
992 1106 1069 1171 mihi
1084 1102 1320 1189 amicissimum,

517 1238 590 1293 tum
605 1226 695 1291 nulla
711 1225 746 1287 in
762 1234 891 1287 ceteros
902 1222 1132 1287 malevolentia
1147 1219 1316 1301 suffusum

518 1349 696 1421 contraque
719 1350 793 1426 cum
814 1355 968 1418 maguum
992 1336 1027 1403 δι
1047 1336 1226 1412 excelsum,
1247 1343 1320 1399 tum

518 1456 619 1520 etiam
634 1434 781 1535 aspertum
796 1448 830 1515 &
844 1447 1028 1533 implicem.
1052 1448 1130 1516 Vidi
1144 1469 1204 1533 ego
1219 1468 1322 1533 quoo-

422 1632 433 1644 ,
522 1567 597 1630 dam
613 1564 695 1627 inte
710 1547 810 1642 tales,
825 1566 939 1648 quoles
954 1574 993 1630 tu
1009 1566 1138 1630 eosdem
1154 1565 1190 1628 in
1204 1584 1257 1628 me
1272 1564 1321 1628 vi·

522 1680 599 1743 dere
613 1677 755 1761 potuisti.
786 1677 872 1752 Quae
885 1696 937 1741 me
949 1687 1137 1755 moverunt,
1154 1675 1322 1742 movissent

341 1856 345 1872 ‚
412 1771 416 1834 ²·
511 1792 637 1884 eadem
657 1799 691 1854 te
713 1787 870 1873 proiedto.
915 1787 994 1866 Sed,
1017 1807 1223 1873 quocumque
1236 1800 1322 1854 tem-

411 1979 418 2000 Ι,
525 1918 606 1989 pore
625 1900 866 1993 mihiwpotestao
886 1902 1049 1983 praesentis
1071 1902 1123 1964 tui
1146 1902 1263 1977 fuerit,
1286 1910 1324 1966 tu

526 2018 592 2084 eris
604 2012 747 2080 omnium
759 2009 942 2075 moderator
950 2008 1153 2077 consotiorum
1162 2028 1322 2078 meorum.

416 2218 426 2227 ·
526 2131 587 2196 tibi
610 2126 672 2194 erit
692 2127 819 2204 eidem,
843 2126 896 2190 cui
917 2125 1000 2190 salus
1024 2123 1195 2209 mensuit,
1225 2128 1324 2193 etiam

526 2244 664 2329 dignitas
675 2227 773 2306 cur'ae.
783 2241 835 2305 Me
844 2238 974 2323 quidem
983 2247 1070 2304 certe
1082 2239 1326 2308 tuarumattio·

527 2377 605 2425 num
613 2405 624 2438 ‚
639 2353 888 2433 sententiarum,
905 2354 1125 2433 voluntatum,
1144 2372 1252 2420 rerum
1268 2358 1326 2422 de·

417 2476 428 2546 ἶ
528 2476 626 2559 nlque
643 2472 787 2535 omnium
802 2469 921 2533 socium
940 2467 1159 2554 comitemque
1174 2470 1324 2548 habebis;

416 2614 419 2619 ·
528 2606 633 2670 neque
658 2585 736 2673 mihi
757 2585 793 2648 in
815 2583 905 2648 omui
928 2583 1064 2647 vitares
1089 2589 1157 2646 tam
1177 2582 1240 2646 erit
1260 2585 1327 2648 ulla

530 2693 705 2782 proposita,
722 2715 821 2781 quam
835 2705 875 2760 ut
894 2694 1040 2777 quotidie
1057 2696 1282 2762 vehementius
1295 2705 1328 2759 te

531 2813 572 2875 de
586 2831 637 2874 me
654 2811 776 2893 optime
791 2807 941 2872 meritum
956 2807 1018 2872 effe
1034 2808 1157 2870 leetere.

599 2923 697 2998 Quod
712 2940 824 3004 rogus,
840 2930 878 2986 ut
895 2939 967 2986 mea
983 2921 1043 2986 tibi
1061 2919 1174 3001 scripta
1191 2919 1332 3000 mittam,

426 3058 432 3087 r
517 3053 607 3120 xquoe
632 3034 700 3117 poll
725 3032 886 3100 disceiltim
909 3043 1003 3098 tuum
1032 3033 1229 3116 scripserim
1260 3036 1332 3102 sunt

535 3146 698 3212 orationes
721 3149 890 3232 quaedam,
915 3132 996 3231 quas
1020 3147 1198 3214 Menocrito
1222 3152 1331 3215 dabo:

534 3280 641 3344 neque
661 3260 708 3324 ita
731 3262 862 3339 multae3
895 3279 936 3325 ne
958 3257 1175 3344 pertimescas.
1221 3260 1336 3347 Scripsi

432 3370 435 3377 '
535 3376 636 3463 etium
658 3368 751 3458 (nam
766 3377 805 3439 ab
823 3358 1023 3441 orationibus
1039 3375 1172 3458 dijuugo
1186 3397 1239 3440 me
1256 3378 1336 3452 fere,

433 3538 435 3545 .
535 3490 708 3576 referoque
726 3488 767 3553 ad
785 3488 1016 3558 mansuetiores
1032 3489 1171 3566 Museo,
1194 3505 1275 3570 oque
1289 3506 1354 3545 m
